3633 5595
172 907 224 253 A

270 136 834 66 T ant dis ꝯme a pie seroit

258 183 858 112 O u mõ cheual me rẽderoiz

270 289 868 87 O u auueq̾s moi descendroiz

354 369 790 122 madiens respont itant

251 452 779 126 Uꝰ le feistes ꝯ enfant

255 562 830 115 ⁊ ge uꝰ entieg por briꝯ

245 646 834 106 Or en aurez mal g̾redon

248 733 961 137 P᷑  mauuais home me tenrez

233 839 862 112 S e uos iamais i remõtez

359 927 769 136 lui seslaisse ⁊ cil latent

354 1025 783 117 lespee traite se deffent

247 1128 797 116 H ardiem̃t le req̾roit

248 1230 853 122 L e seneschal qͥ lasalloit

230 1330 933 112 Q nͣt flo. uoit le seneschal

230 1414 830 115 Qͥ le reqͥert ꝯme uassal

228 1496 998 126 E s rens uit plorer blãcheflor

214 1613 825 112 Qͥ de lamort fu en error

214 1706 918 118 D e la pucele ot grãt pitie

195 1804 854 130 S on eñemi a aprisme

205 1896 917 133 G rant cop li done sor lescu

195 1995 695 149 A la t̾re la abatu

208 2113 865 112 L a hante coupe de sespee

195 2205 831 130 D e qͦi lauoit si iostisie

189 2312 927 124 M adien uoit fret sõ escu

195 2415 924 124 ⁊ son espie quil ot perdu

195 2495 1018 150 G rant paor ot ml̾t sesmaia

177 2601 890 140 Q nͣt de lespee li menbra

192 2701 912 136 I snelem̃t i met la mein

181 2778 835 159 F lo. qͥ ne fu pas uilain

158 2886 877 153 A inz qͥl soit sor lui ausez

177 3005 917 140 L i damoiseax sest si hastez

158 3117 921 128 S i est sailliz sor le destrier

158 3207 915 131 O nq̾s p᷑  lui nel uolt laiss̾

164 3307 902 130 L espee traite lescu pris

164 3400 937 131 L i est uenuz deuant le uis

161 3493 1033 137 G rãt cop li done ẽ le aume agu

149 3576 755 144 I᷒ q̾ la coife la fendu

149 3692 867 149 c. desmailles du chapel̾

136 3795 955 121 L i fist sentir deuant lac̾

139 3874 914 168 L i uassax se sent atornez

125 3977 910 163 D esor sõ arcon est clinez

136 4099 993 146 L i bons cheuax outre sẽ uait

130 4196 854 140 Q̾ cil descendre ne li lait

139 4298 943 134 F lo. le uoit ml̾t se hastoit

121 4388 908 175 ⁊ ml̾t hautem̃t li crioit

1246 842 109 155 §

1329 111 890 122 U assax estes uos endormi

1346 195 809 118 U ilainem̃t mauez g̾pi

1337 292 840 118 S e uos ainsi uos en alez

1353 385 721 115 ⁊ ꝯgie ne me req̾rez

1346 484 865 112 T ornez arriers ⁊ ꝯnoissiez

1353 578 737 93 ꝯ li p̃senz fu enuoiez

1337 662 877 108 D ont la pucele fu trahie

1333 746 910 135 U enez ca ⁊ nel laissiez mie

1347 853 882 126 L i seneschax soi blasmer

1334 954 939 124 S achoiz q̾ ml̾t len dut pes̾

1340 1056 933 125 L ors se dreca tot u̾goignoit

1331 1150 805 121 P᷑  la pucele q̾l ueoit

1331 1255 830 118 I l tint lespee tote nue

1309 1345 927 115 U ait le ferir ml̾t sesu̾tue

1312 1436 939 111 A mõt el heaume qͥ flãboie

1315 1515 760 144 I᷒  qͣ la coiue li enuoie

1318 1628 918 134 F lo. se uait ueng̾ menois

1309 1740 905 103 Qͥ descremir estoit cortois

1305 1827 705 121 O lespee tel li dona

1306 1939 833 112 Qͣ poi le braz ne li cospa

1300 2039 886 102 D ist madien feru mauez

1297 2132 842 109 Or sui honiz se meschapez

1303 2238 917 108 L ors sẽ corut u̾s lui se trait

1293 2349 893 106 S espee tint ferir le uet

1287 2443 831 105 S or le cor feri le cheual

1293 2530 899 127 T ot le porfent iꝰq̾l poitral

1287 2638 852 119 D e soz lui la ageloignie

1278 2735 809 106 ⁊ flo. est remes a pie

1275 2834 970 106 T uit escrient grãt ⁊ menu

1281 2946 949 100 I a ert li damoiseax uaĩcu

1277 3021 779 140 B. plore durement

1259 3139 852 109 ⁊ la roine ⁊ lautre gẽt

1259 3232 924 121 A u roi nestoit noiẽt de bel

1253 3341 871 96 Q̾ meschaoit au damoisel

1256 3440 840 100 A poi q̾ il nes desseuroit

1253 3537 818 96 Q̾ ses coraiges li traoit

1244 3621 812 112 S il en seust la uerite

1241 3726 821 112 P etit eust el chãp este

1357 3809 741 130 adiens li dist toz iriez

1352 3921 825 149 Se uꝰ du champ ne uꝰ fuiez

1231 4050 849 99 P etit i poez mais durer

1225 4121 837 137 Or uueil de p̾s a uꝰ parl̾

1228 4245 862 122 S ire disoit li damoiseax

1228 4342 936 127 U ostre cheual est tͦp isneax

1225 4438 899 143 G e ne mẽ puis foir a pie

1153 3794 260 257 M

2370 1516 244 406 F

2507 127 958 118 Q rͣ de mes arṛmes su ͥ chargie

2507 223 774 103 G e ni uig mi por foir

2500 301 815 103 M ais p᷑  la pucele garir

2500 400 831 112 Q̾ uos eussiez foriugiee

2494 478 983 128 M ais ml̾t ert encois ba ͬgeniee

2503 590 921 96 I anul ior q̾ ge aie a uiure

2485 680 846 112 N e ferai tel recreantise

2475 764 968 118 Q̾ ge du champ me ꝑte ainsi

2479 879 951 109 T ant qͣ ce soit du tout feni

2482 963 811 118 L e seneschal fu esmaie

2472 1078 846 96 Qͥ not noiẽt de sõ espie

2469 1171 964 115 L e damoisel uoit ẽ la place

2463 1268 952 118 Qͥ tient le sien ne fet qͥl face

2457 1361 793 96 A li ses laisse irieem̃t

2448 1450 839 130 I a en i aura .i. dolent

2581 1557 796 121 loire le uit si aproschie

2584 1650 734 112 Il li a lancie son espie

2457 1739 723 130 Ꝑ tel poeste le ꝯsut

2463 1843 911 112 H aub̾s ne riẽs ne li ualut

2454 1939 895 121 Ꝑ mi ambe .ii. lescostez

2451 2045 930 102 L i est li fers trãchanz passez

2438 2144 999 128 B ñ lenpoint sel giete a la t̾re

2435 2250 871 121 I rieem̃t le uait req̾rre

2441 2349 874 106 L i seneschax se uolt leu̾

2423 2461 911 112 M ais ne se pot rauigorer

2423 2548 898 115 E nf̾rez fu dun grãt espie

2411 2652 750 108 ⁊ flo. la si aproschie

2419 2760 753 105 Q̾ soz lespee le tenoit

2423 2850 889 109 B ñ sot q̾ a la mort estoit

2407 2943 778 118 Or est li rois tͦp irascuz

2410 3052 949 130 Q nͣt son uassal uoit abatu

2413 3158 803 121 B ñ set q̾ il en a le pire

2398 3251 958 127 M ais ne uelt pas q̾ il imu ͥre

2401 3353 724 109 P᷑ la bataille deꝑtir

2395 3444 939 130 F ait ses barons a lui uenir

2395 3546 706 112 Q nͣt flo. a oi parl̾

2385 3642 852 128 D e la bataille desseurer

2373 3725 877 135 D e duel morra s i estort

2369 3846 974 135 Q rͣ ml̾t la aprochie de mort

2376 3956 930 131 F erir le uait ml̾t se hasta

2359 4047 933 144 L eaume ⁊ la coife li tnͣcha

2367 4155 821 140 Iꝰ q̾s denz la tot p᷑fendu

2360 4280 697 93 ꝯ tre t̾re la abatu

2357 4360 821 106 P uis essuie le brãc dac̾

2351 4460 874 143 Q rͣ a m̾ueille la uoit ch̾ .
