3518 5595
136 1122 108 314 L

146 214 665 134 Le q̃re le droit cens

174 320 852 121 ne tas soing dentremetre

152 416 768 121 i a hom ne saura riens

174 512 560 100 qͥ aletre saerde

146 603 827 127 qu plꝰ droit cens quil ait

177 708 768 109 e doit onpraure garde

139 811 731 109 m us tu nas soig dice

155 892 681 105 cute pui aieccorce

152 988 781 127 ic tu donc q̃ ge face .iꝰ.

167 1094 635 112 si la parole force

153 1170 747 154 st ce donc force faire

223 1277 668 121 dentendre droitem̃t

139 1386 750 121 Stre ala destre aupere

177 1501 706 96 ist dit oscurement

155 1582 709 105 e me fai apert .i'.

164 1687 682 106 nõstre moi socurte

158 1768 800 115 st estre olui ẽ gloire .xꝰ.

167 1880 576 103 igal beneurte

167 1983 703 105 ce dit la parole. y.

174 2088 668 81 ioirem̃t est oscure

167 2166 713 115 isi la nos espont .x'.

164 2269 657 121 i deuine escriture

164 2371 703 112 ie autre chose ia .yꝰ.

167 2477 781 99 contre raison sanble

171 2576 662 106 t de ii choses fais

177 2663 802 146 out une chose encanble

161 2766 694 127 mels ml̾t eslargir

183 2868 510 112 croistre deite

164 2962 635 121 un dieu seulem̃t

180 3061 638 118 iels faire trinite

174 3167 656 115 me chose fust .iii.

177 3282 628 96 ⁊ ne fu onc ueu

174 3363 640 115 ⁊ ꝑ sont crestien

177 3456 678 131 n cest point deceu

167 3565 669 109 c solucion droite

161 3655 669 130 oor de ceste chose

152 3751 799 131 ns ni pot bñ respondre

183 3863 575 103 crui bñ iopose

155 3938 756 140 Oenooi sibon maistre

161 4047 706 121 senseust deffendre

158 4146 796 127 ecdroit men espons .xͦ.

146 4252 805 108 umen orras bñ condre

149 4345 852 143 st diex poissanz: oil x.iͦ.

158 4463 744 121 onq̃s aipoissance .x̾.

1169 211 908 124 P᷑ noient argumentet .

1272 341 784 87 ci napoint dedoutance

1157 422 892 103 S e lonc ce qͥl est saiges .x

1265 525 651 102 a odieu sapiance

1163 612 771 115 B ñ macort aice i.

1262 702 787 118 bñ tieg ceste sentence

1160 798 765 131 Pͨ ce q̃ il est bonc .x̾.

1259 916 700 103 doit il bontez auoir

1163 1013 774 102 I ce est bñ resons i'.

1259 1103 688 106 ⁊ bñ ie tieg auoir

1157 1202 793 103 Or uoi bñ ãtu uec .xꝰ.

1253 1308 728 103 ꝑ meismes mes uoies

1154 1395 668 112 ⁊ ce q̃ est raison

1250 1498 821 96 se lonc raison mostroies

1154 1579 762 124 G e pͦ qͦi desdirai ꝯꝰ.

1253 1678 756 127 chose qͥ nest mẽconge

1154 1790 830 109 E nriens qͥ raicon soit

1253 1880 824 109 ne donnestre chalange

1154 1976 730 109 C ontredire raison

1253 2073 768 118 est dome nõ saichant

1157 2172 839 134 B ñ diz se tu ci tiens : xͦ

1250 2290 731 106 orme respon auant

1157 2374 805 121 L i pooirs diex est diex

1253 2471 952 127 uoirs est nel puis noier .iꝰ.

1154 2570 883 128 A utreci redoit donq̃s x̾

1241 2688 718 106 de sonsenc enploier

1150 2778 759 118 A utresi li ostroie .i.

1237 2872 753 115 or est atant mõte xꝰ.

1141 2962 697 118 Q̃ autresi don tu

1247 3080 600 112 dire de sa bonte

1318 3167 837 130 oirs est chasꝯ est diex iꝰ.

1312 3297 775 109 mis nel puet ꝯcredire

1144 3391 831 96 B ñ lotroi qͣr raisons

1241 3475 731 115 me trait ace ⁊ tire

1147 3571 840 127 E st chasꝯ de cez diex xͦ.

1237 3683 772 93 oil certainement .iꝰ.

1141 3770 818 118 D onq̃s sont il .i. diex

1237 3866 809 115 qnͣt. uns est seulem̃t

1141 3960 859 127 O u il sont plucor diex

1237 4071 691 97 ou il nẽ est q̃ uus

1141 4168 918 109 T uit cil troi sont .i. dieu

1231 4280 793 108 qnͣt .i. diex est chasꝯs

1138 4364 908 121 C ist argum̃z par foi. iꝰ.

1244 4485 787 118 est droiz ⁊ necessarres

1059 3117 333 314 A

2197 1209 308 516 L

2308 208 696 140 Qnͣt tu otroies ce

2398 320 868 118 pͦ p᷑ qͦ esdonc ꝯtranret. x

2298 432 1024 121 a ce q̃ crestien croient de t̾uitr

2304 512 806 137 P orcuͦ : por ce q̃ pas iꝰ

2398 624 606 106 nesanble uerite

2295 705 852 121 ⁊ se ge te monstroie .xꝰ.

2391 801 819 122 ꝯm̃t la chose est uoire

2295 898 846 124 P a foi aml̾t trespou

2395 1010 709 93 le me feroies croire

2298 1097 712 127 L i pooirs est li ꝑes

2404 1187 722 127 qͥ tot fist sauz mat̾e

2309 1263 714 159 s ⁊ fuz ce est nsent

2395 1392 578 109 qͥ descendi du ꝑe

2447 1498 675 112 a bontez dambe .ii.

2444 1591 694 121 cest li sainz esperiz

2301 1656 697 153 ꝑ poinas bñ com

2391 1784 725 108 ⁊ pres nẽ es toz qͥtes

2289 1886 821 109 T out cñ q̃ diz de dien

2388 1989 734 112 puet len bñ ꝯsentir

2301 2082 803 96 Fors ce q̃ du filz dieu

2301 2166 877 143 U uels teturepentir x̾

2295 2300 647 102 Or te ui arroutez

2395 2393 678 109 or es gitez de route

2289 2480 883 106 E ncoronãs cest pat ꝰ̾.

2395 2583 737 124 ne poi pasc̾ sãz doute

2289 2685 802 112 L i naistre li morirs

2388 2797 731 99 mont de route gite

2283 2868 877 134 Or es nen doutez pas . xꝰ.

2373 2987 743 99 iai mainte autorite

2286 3077 675 115 A utoritez en ai.

2280 3161 830 136 iꝰ. ⁊ dõt. deprofecie xͦ

2280 3276 877 115 S e profete le distnͣt .y

2385 3378 681 125 ze nẽ decdiraume

2276 3475 741 124 Se profete le dist

2367 3577 737 118 donq̃s le couiẽt estre

2283 3683 787 109 P remierem̃t en ai

2388 3776 762 118 autorite du naistre

2280 3869 678 106 ⁊ ap̾s de lamort

2367 3981 759 112 autorite puis traire

2276 4075 713 108 A ta toi me torrai

2376 4186 718 87 se il ce mepuez faire

2273 4261 1067 131 S ez q̃ profecia de cõ naistre ysai

2382 4385 731 109 Gene le cai au pas

2286 4463 784 155 I usã tule me dies
