3518 5595
103 1109 173 424 L

172 181 821 178 m̃ cegraiit amͦ anbrace

167 312 770 144 a mͦ met gẽt ẽ male tͣce

158 405 910 145 A mͦs les fait tant cheuaich̾

171 512 746 128 nont ne uoiene sant̾

171 599 569 131 ꝯ mͣ asiceste ꝯa̾se

177 711 721 112 ie ne set enq̃le guise

164 801 641 103 e le se doie contenir

174 882 877 143 leure ⁊ puis si fait .i. soupir

158 988 781 112 o afroidure ⁊ ora chaut

167 1084 927 131 Q oute fremist ⁊ puis tressait

219 1174 662 131 m᷑ asiicest e atemce

220 1277 738 137 Q el ena sa face tainte

158 1384 891 131 anuit uĩt ⁊ le ior trespasse

174 1482 784 106 a puce le de penss̾ lasse

149 1572 790 112 S̾ lit fist faire na gesir

146 1684 836 106 P ortie .⁊ tor ne pot dormir

146 1765 892 121 Oirmir ne pot amor ne laist

149 1874 703 102 aasse fait ele q̃ doit

155 1964 750 99 A puis dormir ne repoc̾

149 2054 743 128 m̃ les fait ⁊ retorn̾

149 2160 830 124 ipame sui ⁊ entrauail

155 2262 812 118 sai por qͦ ge metͣuau

143 2356 933 115 E sent ce mest auis dur lit

136 2452 946 134 dieu soient tuit cil maudit

143 2564 805 109 Or medurẽt h̾soir faire

143 2666 874 122 N op sont feion ⁊ de put aire

152 2753 718 119 mensui bñ aꝑceue

152 2847 790 118 coute ne fu pas meue

152 2946 855 128 plume nest pas remuee

143 3071 818 102 ncois est tote amõcelee

136 3142 868 137 Nãt ñmerue arde ce q̃ uor

133 3238 719 143 d ce puͣrai ge bñ ꝯroi

133 3350 678 125 b ferai cez femec ieũ

130 3453 666 127 pꝰ este coute remuer

130 3555 856 122 Dis nest une pelice h̾mine

124 3649 827 127 lait auut a la mesthine

130 3767 644 105 Tueille la silia dit

130 3841 672 131 Oi tiface tost sonlit

136 3935 626 140 Confist isnele pac

139 4047 784 130 Oi la coute ⁊ pius les dras

124 4140 672 133 enuie neis lestraia

130 4249 768 130 meisme mat lamem̃

127 4336 827 136 te la coute muet ⁊ bat

127 4441 818 171 Or ueit baut ⁊ ore plat

1188 226 759 109 Or le uelt abaist̾ aspiez

1191 326 824 124 Or est li chauez tͦpbaissiez

1185 435 864 105 O est estroit ⁊ or est grãt

1181 531 787 109 Oi est aune ꝑt pendãt

1172 621 943 112 S a norrice uait maudisãt

1181 708 881 112 P᷑ ce qͥl nert asontalent

1181 808 787 105 A uis liest q̃ bñ estoit

1175 898 778 109 S auez p᷑ qͦ q̃ie auoit

1175 997 837 118 I e iouintel entroublie

1175 1094 831 124 ⁊ qnͣt el ot .i. poi pense

1172 1206 796 96 ⁊ il liest menbre de lui

1172 1293 837 111 L ors reꝯmence sõ anui

1166 1386 924 121 L asse fait ele q̃ puet estre

1160 1495 920 115 G e negis pas bñ cor senestre

1163 1597 893 100 Or sui sor destre moi q̃ chaut

1163 1681 861 118 C ene me done ne ne uaut

1157 1787 821 109 Q̾ ge nai bũ de nule ꝑt

1160 1883 927 112 I a damediex nait ẽ moi ꝑt

1147 1964 993 127 S e nest li lis dõt geme dueil

1147 2076 918 118 O u plꝰ cui tendre q̃ ne sueil

1141 2169 999 131 S i ai au cuer une grãt raige

1144 2269 896 121 Qͥ si malume mõ coraige

1147 2371 1039 124 Q nͣt uueil dormir sime fremis

1150 2468 769 127 Or merelief ⁊ orme gis

1303 2573 644 115 rreuuel a ce lui penc̃

1284 2670 712 121 Qͥ ge uihier ꝑci pacc̾

1154 2766 833 124 ⁊ q̃ige afaire duuassal

1138 2862 1048 115 C est la riẽs qͥ plꝰ me fait mal

1135 2956 970 124 Qnͣt me mẽbre de sab eaute

1129 3067 917 115 ⁊ moiq̃ chant de sabonte

1135 3164 930 115 I i est espoir fel ⁊ uilains

1138 3269 855 122 ⁊ emueꝰ ⁊ dire palains

1132 3372 924 118 ⁊ q̃ aige dit q̃ il u̾s moi

1126 3462 883 134 M espͥspͦ tuͦ blasm̃ ledoi

1126 3568 886 121 pͨ luͦ loer ÷ geme dortaire

1126 3680 961 96 I l nie sable ml't debonaire

1116 3764 902 121 D õt me uie̾t ore tel foue

1110 3866 886 131 S oi ciel na home qͥ ne die

1119 3960 918 127 q̃ necoit beax adesmesure

1122 4068 918 122 N us hom plꝰ bele criature

1116 4174 1011 106 Ne uit. ne puet estre mauuais

1122 4273 853 106 Tene le blam̃ar iaimass

1110 4385 886 115 ꝑ toi il est ⁊ beax ⁊ bons

1113 4469 1061 162 ⁊ toiq̃ chant anͣt ilnest tiens

1071 2514 295 474 Q

2276 1529 265 382 S.

2357 217 784 146 A ãfaire seroit il miẽt

2363 338 890 122 I auest il pas raisõ ne bñs

2357 438 912 115 N e droiz q̃ ge p̃igne baron

2342 525 861 130 S e ꝑ le ꝯgie du roinon

2348 624 914 131 ꝯ gie : lasse si lonc respit

2351 730 868 109 I auauroi ioie ne delit

2348 829 908 106 Iax dien ce ge sẽc auoie

2342 904 883 127 L e sienꝯ ce il natẽperoie

2339 1022 942 115 D ont tieg ge oretel ꝑole

2339 1115 955 109 O rainz fui saige ⁊ or suifole

2320 1206 936 111 U elz tu ꝑ toitel ꝯseis pnͣre

2329 1302 996 118 E nne teuiẽt il mielz atẽdre

2329 1395 890 109 F ille es de rome ⁊ de coi

2357 1495 862 121 D e ce puͣrai ge bñ ꝯroi

2507 1591 818 134 eignor aurai ipius fais

2491 1694 722 111 ⁊se iluest amõ plais

2351 1790 846 115 ⁊ q̃st ce. do̾c na isbonte

2332 1880 974 124 Qͥ ma donq̃s cest plet mãde

2323 1976 915 128 T e plaist il bñ. oil ꝑ foi

2323 2088 977 103 M ais ge ne sai pas ne ne uoi

2323 2185 877 115 ꝯ mẽt ge peusse sauoir

2320 2297 765 96 Q̾ ge li deisse le uoir

2314 2377 849 125 U els qͥl le saiche: oil bũ

2317 2477 970 124 Q nͣt il me plaist sor tote riẽ

2320 2598 815 90 ⁊ il ⁊ qnͣqiꝰ liuoifaire

2320 2688 998 125 ꝑ die ne me porroit desplaire

2314 2785 759 118 G e leui si bel ⁊ sigẽt̃

2314 2890 976 109 E spiez ot le sestriers dangẽt

2311 2974 883 121 Q̾ l col q̃luic ⁊ q̾les maĩs

2311 3080 827 112 G e ui lasse ⁊ les lorains

2311 3182 787 119 ⁊ q̃ le bouche por bail'

2311 3285 787 124 ꝯ il seoit sor le destͥer

2308 3384 982 112 H e diex porrai ge uiure tãt

2311 3493 920 109 Q̾ ge le puisse amõ taiẽt

2304 3602 977 112 A uoir . ne lau̾i paccãi faille

2304 3686 962 121 E ntree sui ẽ grãt bataille

2298 3801 871 99 A uisi se demente ꝑsoi

2298 3876 999 127 T oute nuit fue̾ gñt effroi

2292 3981 977 106 Or pense orpleure ⁊ orseciet

2298 4093 843 109 Or li plaist q̃le seretiet

2298 4196 856 109 Or se chaitiue or se ꝯforte

2295 4289 952 118 ⁊ puit si uorroit estre mͣte

2289 4385 917 131 E n tel torm̃t en teldouloi

2295 4497 849 156 F utote nuit desi amioi
