3551 5630
247 209 848 128 D ame fait il itant se ꝑt

250 312 863 100 Qͥ feme bat Sil ne latue

253 403 901 119 G e nos auoie tant batue

253 503 842 100 Q̾ gedefi sauoir cuidoie

253 588 1048 125 Q̾ iamais nalissoit par uoie

259 697 914 113 C ertes se uos bone fussiez

265 791 895 94 I amais ꝑ uoie naussiez

259 891 961 106 Or uos ont mal fe respassee

256 969 1058 122 M ais niert pas si tost trespasseeᷤ

265 1066 1014 128 L a grãt honte q̃ uos auroiz

265 1182 955 103 I a si gard̾ ne uos sauron

262 1257 908 128 D e uoz treces qͣuez ꝑdues

259 1366 914 113 .ii. anz les auroiz atẽdues

256 1451 973 122 A inz q̃ coiẽt ẽlor bon poĩt

259 1551 1029 116 S ire fait el .s. tot seul poĩt

265 1657 851 110 N i ade ce q̃ uos medite

262 1745 1052 137 G m̃t tort uez qͥ me mesdites

428 1854 860 113 nq̃s hersoir p᷑ nul corros

419 1951 920 144 Ne fu demõ chief cheueꝰ roz

256 2058 1076 115 S e dieu me giet de cest place

250 2155 1098 106 e aintenãt le coissin deslace

253 2255 1026 115 S ia les tresces auãt traites

253 2348 1076 135 Qͥ li cui doit auoir fors trates

272 2458 904 125 S ire fait la dame ueez

253 2571 860 117 G e cuit qͥl fu ior deueez

1122 2528 183 155 tes

253 2632 1118 154 Q nͣt du destre braz uos seignac

253 2754 1137 154 O u mauuaisem̃t uos seignageᷤᷤ

259 2868 1001 125 ħ̾ soir au couch̾ ce mest uis

250 2971 920 116 Uꝰ auez si trouble leuis

269 3068 948 119 ⁊ les elz q̃ ne ueez goute

262 3168 995 125 E spoir il uꝰ amͣt ꝑ goute

265 3259 920 128 O u ꝑ aũtin se deuient

265 3368 1011 119 C u ce est fantosme qͥuiẽt

275 3471 895 129 A sgẽz p᷑ ax faire mus

281 3581 851 122 ⁊ p᷑ ax folem̃t user

287 3672 836 131 ⁊ p᷑ faire fol̾ la gẽt

265 3759 1105 138 A uchief du tot deuiẽt niẽt

262 3872 1014 122 Q nͣt il a fait fol̾ le siecle

262 3981 1064 116 T ot qnͣ qͥl afait si deepiece

262 4075 1070 131 S eax sire dites moi p᷑ dieu

269 4197 1073 122 M e dites uos tout ce ꝑ geu

265 4288 1033 128 S õ seign᷑ de ce se m̾ueisse

237 4385 989 128 S i sesbahist ⁊ m̾ueille

281 4485 1064 147 L ors lieue sa meĩ sise saigne

1379 203 1061 112 Mais la dame pas ne sẽ saigne

1382 300 998 109 D e riens qͥ la nuit fet eust

1376 394 942 109 Mais encor pas ne se teust

1376 491 948 100 Qͥ li donast tote prouuẽce

1379 578 1014 119 M onstrerẽ cuide la prouence

1379 669 908 128 Q rͣ il cuide qͥl ait apostes

1398 775 1026 97 Ies tresces qͥl auroit repostes

1540 858 916 141 aintenãt le coissin soz lieue

1540 975 916 118 Mais apoilicuers ne li cͥeue

1385 1057 855 115 Quͣt il atõuee la q̃ue

1385 1169 936 113 Q uoit il tot amale uoe

1389 1254 1004 125 F ait il se dame dien nẽ pẽse

1389 1354 1060 119 I ar hui fait une tel decpẽsse

1385 1454 776 122 Q ma couste .L. tb̾.

1385 1548 942 119 B ñ ai este desuez ⁊ yures

1382 1657 1014 116 Q nͣt iai escorte mõ cheual

1389 1754 891 107 Lors liueissiez ꝯtreual

1385 1848 914 119 Les l̾mes coul̾ corlaface

1385 1954 977 119 M ais ne set mais q̃ il fate

1389 2067 901 116 T ãt est dolẽz ⁊ abosmes

1382 2151 1036 132 Q̾ il cuide estre enfantosmes

1395 2280 867 84 ⁊ si est il nẽ doutez mie

1392 2358 844 112 l ors apele la dame aie

1379 2474 1005 106 S ainte marie mõ seignor

1392 2561 966 122 S i se demaine a dechenor

1390 2660 859 126 L i sires li respõt ainci

1390 2754 935 121 A ame fait a dolẽz ẽ sui

1385 2858 914 138 ⁊ p᷑ dieu or ne p̃nez pas

1379 2971 798 116 S i liadit itnele pas

1389 3058 960 126 D ame fait une p̾nez pas

1392 3171 954 110 A mõ forfer ne amesdiz

1392 3259 979 128 G euos encri p᷑ dieu m̾ciz

1392 3378 860 106 ⁊ la dame li respondi

1401 3453 1042 137 B e au doz sire deuãt diexͤci

1407 3568 998 129 L e uꝰ ꝑdoig ml̾t bonem̾t

1401 3662 1089 138 D iex gart nostre cors de torm̃t

1385 3784 999 103 ⁊ dennemi. ⁊ de fantosme

1385 3875 961 112 S ire uoez uos auẽdocme

1398 3972 929 128 Q̃ li oeil uos sõt ẽnubli

1404 4091 939 106 e le metez mie enouble

1398 4181 939 129 N e req̃rez respit ne t̾me

1401 4281 954 119 Mais alez ala seinte l̾me

1407 4366 1052 153 B ñ saiqnͣt uos la uroiz ueue

1401 4475 870 176 Q diex uͦꝰ redia lauen

1302 839 294 352 M

210 1803 243 383 Q

2462 112 866 216 D iet .ii. aame ie diter no

2484 306 844 113 G e uorrai le matin mois

2474 394 867 128 A rͣ du ueoir ai grãt enie

2477 494 851 125 ⁊ au matĩ pas ne soubl

2484 591 810 115 Le ch̾rc chose ne dist

2465 681 832 125 S e la dame le ꝯtredist

2471 775 860 116 Qͥl ne cuidast de fust mẽt

2480 877 854 127 O u qͥ lleust trouue ẽ cõp

2480 961 887 146 ꝑ cest fableau poez cau poes

2484 1075 857 122 Q̾ cilne fait mie cauoir

2487 1166 910 122 Qͥ de muz met cafeme ls

2474 1269 864 104 S elfait folie de son cou

2477 1354 926 125 Q nͣt el est hors desamas

2493 1448 860 106 Lors a ele droite achoiso

2487 1548 857 122 Q̾ le fate son mari hont

2499 1654 829 100 I ci uueil defiñ mõ ꝯte

2490 1739 901 134 .mro. E xplicit . des trio

2508 1862 789 427 Agrito de d

2620 2022 729 262 peat tpeꝵ de bl uii.
