3518 5595
56 1014 218 356 P

164 180 896 127 ꝑ de seiorner nest il soins

164 289 980 127 I ais qnͣt el ne puet auoir uẽt

205 379 877 127 nui eil le ou nõ iluec atẽt

195 475 784 128 nlanef ot une pucele

208 581 902 115 ortoise ⁊ franche ⁊ assezbeie

202 686 756 103 el a lanef ensa baune

202 767 855 106 el na amie nel nest amne

174 873 808 109 ie oit le palefroi hennir

144 951 784 126 i fait le roch̾ retentir

239 1059 762 115 oez fait el a ses notous

228 1142 831 140 Est ce cheual q̃ nos oont

186 1252 800 109 arut li respondi prem̃s

183 1339 846 146 uielz hom saiges maron̾c

177 1442 650 115 e lai fait n pieca oi

171 1526 765 146 sai qͥi est mĩt lois deci

127 1634 859 147 iest en ardenne esdeserz

146 1718 833 187 ors de lam̃ sor ies gͣmerc

133 1855 781 146 ucunc dolẽz li amena

121 1964 721 127 en la forest esgara

133 2054 905 143 utoz sels est sanz ꝯpaignie

124 2157 818 121 ariz daucune nesperie

115 2253 886 131 e le uuelẽt noz ꝯpaignõs

108 2346 831 125 i soient pͥs les auironc

115 2440 874 146 ost istrõs ia hors aubatel

118 2542 833 146 x tens auõs claret ⁊ bei

133 2645 899 143 iex m̃ci fait la damoisele

115 2738 989 134 uit morrion de mort nouele

118 2850 948 127 a nẽ eschateroit uus homs

121 2937 762 118 ors pͦ tigres por lionc

118 3030 976 149 ame fait il se saitelcharme

105 3126 856 125 dot reurem̃t canz arme

99 3241 831 131 orronc tuit esdeserz al

102 3338 650 118 neis .i. anceioriẽ

105 3428 825 143 ouͦtraige fait el ouos

105 3527 815 143 e ce cui ge fait il ioiox

121 3636 871 140 eoir uos iferai m̾ueisiec

99 3730 803 139 ions ꝑ fuec ꝯ hoeilles

90 3823 896 143 ragons ⁊ guuis ⁊ tiexarz

90 3925 812 146 nonc ⁊ s̃penz toz esparz

90 4034 690 124 ¶⁊ lions ⁊ olifani

87 4137 839 140 Uoi gesir tresto tn̾blã

87 4245 777 137 or poorox ⁊ tot enpes

96 4336 809 140 ant ãge lorface reles

111 4444 887 168 dieuce dist ia damoiseie

1110 1454 238 327 M

1206 189 1018 134 C este maistrise est form̃t bele

1197 298 902 109 G itez le batel fors du bort

1200 397 924 115 ⁊ uiegnent onos li plꝰ fort

1197 494 890 105 C il ont forc gite le batel

1197 581 831 124 Qͥ duꝯmandem̃t fubel

1194 693 849 105 Q nͣt el est enz libachel̾

1197 786 915 118 A s auirons trãchẽt lam̾

1191 873 983 121 ⁊ mamiet seinz demor ariue

1188 960 1054 146 M ais nit rueuẽt mile riẽs uiue

1194 1063 1017 127 Ne cheuai nautre beste nuie

1188 1165 858 134 E le remioie p᷑ samue

1188 1261 871 131 ⁊ cil uõt arriert aianes

1188 1367 874 146 Suẽ aportent mĩt coes

1331 1495 833 118 arne fait ses enchãtemẽt

1331 1613 840 133 Si endort guiures ⁊ frem

1194 1700 921 143 l es autret bestet des de serz

1188 1787 924 149 ⁊ fait tapir les elz ouuerz

1178 1886 968 146 T ant õt crenui lenchãteor

1178 1986 871 146 N ocent dormir pͤ la poor

1169 2088 1014 146 M aruc nẽ est ne fax ne blois

1169 2185 986 143 T oz preñt cen entra el bois

1175 2281 1014 149 L a damoueie enp̾s tui entre

1172 2387 912 130 ⁊ li autre menẽt so antre

1160 2489 930 125 M aruc lor moustͣ a estrox

1166 2592 896 121 L es ors ⁊ ies lieparz felõt

1160 2698 833 111 ⁊ autres bestes ⁊ serpẽz

1157 2781 864 134 Qr defors le bois ã dedenz

1150 2881 918 134 Qͥ tant criem̃t lenchãte or

1154 2984 892 127 N osent dormir p ᷑ la rooi

1154 3083 908 127 L i ors sont tapiz es roch̾t

1160 3189 995 140 ⁊ li dragon es noirs moriers

1154 3285 930 118 ⁊ li lions esmõz bautent

1157 3391 895 115 ⁊ li li pars desoz les rains

1147 3484 884 127 a poiez sõt tot ẽ estant

1147 3566 882 154 A sgrai arbres li olitant

1144 3670 1052 153 E s grãz tasses les tygres mei

2024 3543 164 173 uẽt

1147 3767 977 127 ⁊ ꝯme buef el tai se raimt̃

1143 3851 891 168 L i fels t̾pent sõt es mõz

1150 3969 1036 158 L es grãs grãi griues es uax ꝑ

2034 3837 126 177 tõ

1144 4081 955 124 De soyles aiues tenebroses

1147 4162 952 149 N oires ⁊ form̃t uenimoses

1132 4289 973 109 Ml̾t ont ale ml̾t ont uen

1129 4364 1096 158 T. aut qͣn deerram̃ sont uenu

1138 4460 796 162 l aoule uon fu tuez

2220 4401 985 140 M ais parl̾ liestuet plꝰ hait

2301 180 849 149 E stez ce dit maruc estez

2298 301 980 112 Q nͣt uoit le sãc du palefroi

2286 407 889 115 S i le lor amostre audoi

2292 497 970 121 C ist sans nest pas de ce non

2289 584 812 124 Q̾ ci ueez sor cel sablon

2292 693 818 124 A mñz est decil qͥ la tue

2289 798 877 118 Q rͣ li lionc la bñnaure

2283 895 1045 115 M l̾t enuait durem̃t seignãt

2289 982 936 146 Qr la lomes ortuit cigãt

2286 1094 933 136 ⁊ ma dame sort ceule ici

2280 1227 936 149 D ant q̃ nos repairõt au

2280 1336 1017 121 D ame font il ne uosanuit

2283 1429 1054 146 A tant suiuẽt le sãc trestuit

2273 1535 887 140 ꝑ touopex est iluec p̾t

2270 1644 859 127 S i aesgarde tot enpes

2273 1737 868 128 C e poise lui qͥ les iuoit

2270 1827 887 137 Mais la dame q̃ la ꝑcoit

2276 1930 812 121 ꝑ .i. soupir la esgarde

2273 2020 790 137 Qͥ i asodainem̃t gite

2267 2126 980 124 ⁊ sa parcoit q̃st chose uiue

2262 2200 864 154 P᷑ la poor .i. poi leschiue

2267 2315 999 143 P uis uiẽt plꝰ p̾s ⁊ mielzaui

3121 2219 93 144 se

2261 2415 896 136 A lent̾cier apaine mise

2267 2523 1020 106 B uns hom est ce li est auis

2264 2617 1005 143 M ais el uipuet trou̾ le uis

2401 2719 977 125 ant est soilliez por les grãz d

2391 2831 806 115 ⁊ se rest cou̾s descheueꝰ

2261 2937 1073 124 N est m̾uerueille sel ne lent̾ce

2258 3030 840 118 L e chief ale ꝯ une ħ̾ce

2258 3120 936 140 L arga a le frõt ⁊ leselz gͦs

2252 3241 930 112 L a face basse ⁊ halt le dos

2255 3335 983 140 L esdẽz blanchete ⁊ menues

2252 3440 954 125 L es leures seiches ⁊ pelues

2245 3527 905 140 S i a le uis trestot conue

2248 3630 927 131 ⁊ de l̾mes taint ⁊ moillie

2242 3730 915 133 I e tol alõe trusãla cosse

2236 3820 899 130 T res q̃ la teste qͥ la grosse

2236 3913 1042 140 ⁊ graile ⁊ maigre ⁊ taĩt ⁊ noir

2239 4028 871 115 F oiflet ⁊ depetit pooir

2233 4112 924 137 Q nͣt la pucele uoit sõ ius

2233 4205 1017 159 D onc sait q̃ cest auꝯs cheitiue

2233 4317 955 131 A mis fait ele diex uossait

2227 4497 917 162 Q rͣ uert tãt form̃t pẽstic

2220 2669 216 389 T
