3551 5630
200 209 982 131 U os endorroit ml̾t uolent̾s

225 322 885 112 Lirois esgarde la daniel

222 412 951 116 L e corf auoit gentill ⁊ bel

222 512 1010 119 L auoir couoite ⁊ ml̾t le uelt

215 600 848 125 Mais blan. ocirre uelt

215 700 892 125 P᷑ le grãt damage saire

215 797 930 131 Qͥ l li ot fait de son empire

212 900 923 119 Il tenoit sõ espie molu

219 1007 913 93 I a len eust el cors feru

206 1088 907 125 T ant ꝑ estoit gͥes ⁊ mriez

212 1197 911 126 Q nͣt sa fille li chiet as piez

200 1288 895 119 Sire fait ele ge uos pa

203 1391 866 113 Q ne locioiz deuant mi

209 1488 782 138 F ille ce dit alimodes

209 1579 939 125 P᷑ uost re amor erc orẽpes

200 1676 1017 131 M ais deuat̃ la tordalibrãde

209 1789 917 112 lemioierai a salimãdre

197 1876 841 135 A u frere celui qͣ ocis

200 1989 913 122 C e poise moi encest pais

203 2089 860 103 R ois est de la t̾re delise

200 2192 926 106 S i enfera ml̾t bñ iostise

203 2273 951 113 A u p̾uost dist ꝑ maltalẽt

206 2377 923 122 G e nẽ puͣrai orne argẽt

200 2477 823 125 N e nule cͥature uiue

193 2583 1024 122 U ostre dame est fole chetuie

206 2686 951 97 Q l ne me uelt rẽdre sator

206 2789 960 122 G e la ferai uiure adoulor

197 2899 907 103 A les uos en soz de mõ ost

203 2983 838 110 Q̾ ge uos ocirroie tost

200 3102 857 110 C il niose plus demorer

197 3193 788 125 A u ch̾r senuet parl̾

206 3290 989 131 P uis le ꝯm̃de a dieu du ciel

203 3396 1039 132 Q rͣ plꝰ lamoit nĩ riens coz ciei

347 3503 813 118 stes dist li borgois ne sai

350 3631 863 100 Se ge iamais uos reu̾rai

206 3706 1064 131 C e dit lostes lefes ce ne sai ige

197 3834 938 103 A damedieu uos com̃t ge

200 3919 929 128 L irois ꝯm̃de sõ fill daire

203 4025 885 116 E car si doine seure paire

203 4119 798 128 p᷑ tenir sa f̾re ⁊ garde

203 4228 854 119 ⁊ mãt sa seror au uis cł̾

203 4335 976 109 D aire sen reuait sãz essoine

200 4432 798 109 Ẽ lacite de carsidome

193 4547 1020 129 A limodes so cax dedẽz grege

116 3468 284 379 Or

1292 1674 240 331 C

1348 215 882 129 D es or lor a liure le siege

1351 347 845 103 L irois fait pnͣre blan

1345 419 895 122 S i lenuoie tot le chemin

1345 522 1017 106 D roit auriuaige au dromõt

1348 634 848 97 O u li autre pͥson sont

1345 710 1048 112 B raiẽt aneres ⁊ dioicet uoiles

1351 822 920 103 Au ciel corẽt ⁊ as estoiles

1345 900 942 110 Qͥ enmamẽt paien lentãt

1354 1000 845 126 ꝑ haute m̾ ẽ .i. chalãt

1348 1116 867 103 C efule prenĩ ior demai

1348 1213 907 100 Q lecloigne detormadai

1354 1301 879 119 Se il plore ne mẽ m̾ueu

1345 1398 832 125 D e sauie ne sait ꝯseil

1342 1498 829 115 Q rͣ il de uoir sãz dote set

1348 1607 823 113 Q̾ chasꝯ sarrazin le het

1486 1667 879 147 ãt ꝯpuet le palait marb̾n

1486 1792 829 119 ueoir lesgarde decuer fin

1354 1886 723 128 p᷑ samie qͥ dedẽ fu

1345 1992 979 106 C hasteau dist il bñ aies tu

1339 2089 988 103 Se tu me puez gard̾ mamie

1339 2189 879 109 Tant q̃ ge li reface aie

1345 2302 657 93 O. damors la bele

1338 2359 1085 160 D iex tant mar cu la damoiseie

1339 2483 963 119 S elirois la qͥ tant est uielz

1342 2611 1001 97 E le uorroit morte estre mielz

1342 2689 813 116 Iane fera tel uilenie

1342 2783 1004 128 D iex qͥ li laist pnͣdre manne

1348 2905 910 97 I a diex telpechie ne fera

1339 3002 760 100 N e ia ne li ꝯsentira

1335 3093 1067 128 A u dieu damor ferai homaige

1329 3190 979 131 S il me garist mõ hĩtaige

1339 3293 854 119 D u roi a la barbe chenue

1339 3399 816 113 Qi meqͥde toł ma drue

1335 3499 1020 122 M ais se diex plest ia ne ꝑdrai

1329 3612 851 119 S a mor encois la reinai

1335 3728 833 106 L a pucele fu ẽ la tor

1335 3809 895 119 Ou ele moine sa doulor

1339 3906 807 125 L asse dit ele q̃ ferai

1332 4028 782 106 D emõ ami ã ꝑdu ai

1329 4113 929 137 Qͥ tant ꝑ est frãs ⁊ cortois

1342 4244 804 100 H ar. alimodes li rois

1329 4331 926 113 M audite soit ta gen̾ace

1332 4425 983 110 ⁊ trestot tou malner est̾ce

1335 4532 933 134 C e q̃ iamoie mas toloit

2433 2369 1019 136 Se meniã puic dune semaine

1240 3697 130 229 7

2427 231 926 131 Mal g̾redon diex ten ostroit

2421 340 942 122 D iex p᷑ qͦ le iuirẽt mihueil

2427 437 951 110 Q nͣt p᷑ samistie sune dueu

2437 534 976 129 G rãt mal me fõt qͥ le mesloig

2437 644 995 103 Q rͣ noz dui cuer ensanble ioian

2427 719 817 128 El prem̾ ior ul mẽ ꝯtra

2424 813 907 128 ꝑ grant coraige me baica

2434 925 923 107 Dolente ẽ fui or mẽ est bel

2424 1010 848 141 Oi tient le unes ⁊ le seel

2421 1113 860 122 D e mamstie q̃ il laura

2434 1216 801 128 I a mais autͤ n ꝑtira

2434 1316 948 122 A inz la tenrai tote ma uiẽ

2424 1413 926 107 Qrͣ̃ ma citez est bñ garne

2424 1520 983 112 Se dieu plest encor reueura

2434 1604 869 116 L ois chai uis si se pasma

2434 1695 729 134 ⁊ qnͣt ele fu releuee

2424 1798 886 109 A la fenestre est acoutee

2427 1898 917 106 Toz tenc esgarde le chalãt

2427 1989 998 128 Qnͣt nel puet mais ueoir aus

2430 2092 920 116 L ors se repasme el pauem̃t

2427 2192 892 122 ⁊ de tort ses poins durem̃t

2424 2283 1011 109 S a mestresse duuec lemaine

2427 2480 789 128 ⁊ li p̃uoz tant fuiries

2440 2596 776 106 P᷑ blan. q̃st corrociez

2587 2689 735 132 R sõt kenfant deꝑti

2584 2796 782 109 lamie esloigne de lami

2437 2883 851 110 Qͥ or uorroit faire ⁊ ꝯt̾

2427 2987 767 128 S ñ li sauroie raꝯt̾

2415 3096 754 128 S i ꝯ blau. ci apres

2430 3199 745 125 ꝑ ti des gẽz alimodes

2430 3299 848 113 ⁊ secorut la damoisele

2434 3406 869 115 A torma dai samie bele

2427 3496 964 132 I llemmainẽt u̾s alixãdre

2424 3612 954 119 A u roi butor de salimãdre

2427 3715 958 116 Qͥ ml̾t est fel ⁊ de put acre

2424 3822 904 97 A rdoir le fera ou deffaire

2427 3915 936 110 Li rois se il le puet tenir

2421 4003 923 141 Ardoir le cousẽt ⁊ morir

2434 4116 769 128 P᷑ sõ frere q̃ il amort

2427 4222 864 119 B lan. se pasma au port

2418 4328 935 113 M orz uossist estre uolent̾t

2415 4428 935 122 A dõt lieue .i. oraige fierc

2415 4525 929 176 Or ẽ matũe a iude la fiere

2383 2643 257 373 M
