3644 5595
139 1520 240 318 E

223 195 939 134 F ilz fait il gescabu par foi

214 307 961 115 N e uosũrai mes ne uos moi

208 404 874 111 M ar fustes bele criature

211 503 970 115 A inz plꝰ bele ne fist nature

208 590 802 118 R oine ꝯte ne palazin

217 699 681 99 ꝯ me tueres blan.

205 770 995 131 B eax filz por qͦ fustesuosnes

211 876 852 109 ⁊ enforme dome formez

205 972 914 109 Q nͣt bñ ne me deuiez faire

208 1072 920 115 L orsloissiez crier ⁊braite

192 1184 905 90 D eduel q̃ li rois ase pasme

195 1283 1005 90 N ois deiunt ⁊ u̾z ꝯme basme

198 1370 1002 125 M ais se dieu plaist qͥne m̃ti

205 1470 867 118 E ncor raurail son ami

348 1579 830 102 il du dromont siõt arriue

332 1672 858 105 les murs uoient de la cite

195 1765 918 112 ⁊ la tor qͥ siet fort el mõt

198 1852 862 124 ⁊ les bretesches qͥ isont

189 1964 818 103 S adomes aprin parle

189 2060 743 112 S ire ꝯpainz ꝑ amie

186 2141 939 118 E st de la cite nostre auue

183 2238 992 124 P᷑ dieu nel me celez uos mie

183 2374 858 90 N enil dist . blan . ꝑ foi

177 2440 923 124 A inz uos enuiera ce ccoi

174 2551 982 100 O nãs mais ne ui ceste tor

177 2642 988 118 N e cest chastel ne cest enor

174 2747 960 112 N e sai sil est roi ou aufaiges

171 2837 970 134 C u qͥ maĩtiẽt cez hĩtaigec

161 2946 905 121 S e il est auq̃s debonaire

161 3043 905 130 B ñ uos porra aid̾ afaire

167 3154 775 119 L a g̾re u̾s alimodes

155 3257 914 109 Qi tant ꝑ est fel ⁊engres

161 3372 868 90 ꝯ paĩz uos dites uerite

155 3447 930 118 C esl oist ca doines le m̃bre

164 3552 980 118 L ors cheuauch̾ent fierem̃t

161 3646 1036 127 U les ensaignes metẽt auuẽt

155 3754 976 125 u̾s la cite uõt les ꝯpaignes

158 3851 951 121 ꝑ les ꝯbes ꝑles mõtaignes

174 3944 827 112 p᷑ ce q̃ dinde eret̃ uenu

164 4050 846 118 F urẽt cuit roe lorescu

158 4152 964 112 Mais blan. auoit lamãche

158 4252 964 130 ⁊ lescu ⁊ lensaigne blãche

155 4367 920 112 A tãt encontre .i. uilain

158 4451 883 140 D elez i bois ẽmi .i plain

1224 2112 285 298 H.

1330 217 756 103 B. auuilain de mãde

1324 298 933 115 a mis qͥ est ceste mirmãde

1324 394 973 128 L iuileins respõt sãz essoie

1315 503 942 109 S ire fait il cest carsidoine

1308 590 911 115 U ne cite uelle ⁊ antiue

1318 683 1063 112 L inir sout tuit u̾t ꝯme ciue

1312 780 743 108 A li modes anõ li rois

1315 882 876 100 ⁊ ses filz daires li cortois

1315 988 845 103 G arde le palais ⁊ la tor

1318 1072 861 112 ⁊ ses filz au cors gencior

1318 1190 786 99 L i rois est alez ẽ .i. ost

1315 1274 870 118 D om il cuida reuen tost

1312 1386 914 99 M ais il ne puet pas esploit̾

1312 1476 817 109 S i li est honte ou saul̾

1305 1566 977 118 B n̾ aura .iiii. anz ẽmi mai

1305 1672 787 112 Qͥ la cite detormadai

1305 1765 700 100 ala p᷑ asseir la tor

1305 1865 706 111 Qͥ est org̾. damor

1299 1958 799 115 Q̃ il cuida aforce puͣre

1305 2051 927 124 M ais el la fait ũs li deffẽdre

1427 2140 747 125 ian. lot ioie ẽ ot grãt

1433 2244 746 118 a sa doine dist ẽ riant

1299 2349 846 122 ꝯ paĩz nos some arriue

1302 2455 806 100 Soz carsidoine la cite

1296 2551 700 122 Ẽ la t̾re noz enemis

1296 2648 933 105 Or en penst dieu de paradit

1290 2744 942 124 L a dedẽz est la fille au roi

1290 2850 874 106 Qͥ mlt est bele ꝑ ma foi

1287 2946 967 115 G e uos doig la fille ⁊ la t̾re

1280 3071 936 108 M ais uos laideroiz a ꝯq̃rre

1277 3161 1048 121 A tant cheuauchẽt demanois

1271 3248 821 124 u̾s carcidoines li indois

1277 3360 896 105 D aires fu mõtes ẽ lator

1271 3475 920 105 A la fenestre pointe aflor

1274 3571 945 106 Leua sõ chief si les choisist

1274 3664 917 112 L i sans li mue si fremist

1256 3764 920 102 S eign᷑ ueez une ꝯpaigne

1271 3860 1029 121 L assus amõt encele plaigne

1265 3963 902 96 A inz ne ueistes maisitax

1262 4065 898 115 E scuz ont toz indesu̾max

1268 4168 948 99 ⁊ totes lor ensaignes pures

1268 4277 880 111 ⁊ des cheuax les coutures

1268 4373 846 112 Les lances ⁊ li chaperon

1262 4472 895 137 ⁊ les manches ⁊ li penon

2393 1290 315 397 E

2459 205 883 127 M l̾t ꝑ enuint ẽ cest pais

2468 310 852 115 P᷑ mal faire ce mest auis

2468 391 995 115 C est une rien qͥ trop mẽmue

2462 506 867 100 Q̃ cil qͥ ꝑ deuant les guie

2465 615 861 84 A cheual ⁊ escu tot blãc

2462 686 914 115 N e sai su cõt paien ou frãt

2459 780 787 105 Or sen adoubẽt iiii .c.

2462 873 846 115 p᷑ ax ueoir hast uiem̃t

2450 972 814 112 S auoir de qͥl pais il sõt

2453 1084 892 100 ⁊ se mal faire nos uorrõt

2453 1171 880 125 S ire daires uos dites bñ

2458 1277 812 121 Ce liescrrent li paien

2614 1358 818 137 il de carsidoie sarm̾ent

2605 1470 899 130 ⁊ puis ẽ lor chenax mõt̾ent

2456 1569 1010 121 E la cite font ml̾t grãt bruit

2453 1672 817 115 ꝑ la cite se issent tuit

2456 1765 833 121 D aires esꝑone deuant

2446 1852 921 128 Armez sor i. cheual f̾rant

2450 1970 967 103 P uis est mõtezẽ un ag̾rde

2440 2060 896 106 Sa dome ⁊ blan. esgarde

2437 2160 896 96 Si lor demãde ẽ lor latin

2440 2259 936 106 Seign᷑ estes uoc sarrazin

2440 2359 802 109 N e nil dist blan. ꝑ foi

2437 2452 896 112 A inz tenõs trestiene loi

2437 2551 815 115 ⁊ si alonc faire secors

2437 2654 799 112 Madame .s. damors

2434 2744 818 115 A tormada q̃ le iustise

2443 2853 855 103 Fox est lirois qͥ la assise

2443 2968 896 106 Il ẽ aura la mort nouele

2437 3061 902 109 M ar acom̃ta la damoisele

2431 3154 926 128 M ais aĩz ert carsidome pͥse

2434 3266 840 118 ⁊ la crestiente enz mise

2431 3363 870 127 ⁊ la fille au roi mariee

2431 3462 687 115 a .i. ch̾r lai douee

2428 3559 839 121 Q bñ a ferra ẽdroit soi

2431 3661 936 128 D e haut ꝑage est filz deroi

2431 3761 926 124 D aire respõt or oi folaiger

2422 3863 1057 115 T rop est hastis cist maraiges

2431 3978 895 109 I a ne uos esteust penss'

2418 4068 890 103 D e la fille au roi marier

2415 4165 1030 121 E ncois q̃ cest oeure soit fair.

2412 4267 1023 115 S eramainte arme decors tͣme

2422 4382 923 109 ⁊ cuir ꝑcie ⁊ maĩte reigne

2422 4485 982 121 A tant descent de la mõtaigne
