3690 5630
206 2093 239 262 O

244 211 924 131 Q t fussce ge enbabiloine

230 309 816 136 D olereuse maleuree

234 426 878 113 M ar fusse ge de m̾e nee

253 516 1070 126 Qnͣt por moi est basti tel plet

253 609 822 127 G uir p᷑ qs tuce fait

248 713 949 117 D ame dit il ge le doutoie

275 806 873 116 p᷑ ce q̃ si grant le ueoie

272 903 842 113 Q il ne me p̾ist asbraz

269 991 954 116 A mies uoc donc sõ coulai

266 1097 970 113 E nmi uoz ianbes asentir

258 1177 920 127 Or mã mais fors du foir

248 1276 803 140 ⁊ dal en estrãge t̾re

248 1398 1155 117 S i lomnz ꝯ ne noc saiche ouãtre

253 1501 845 103 S ire dit ele ne poon

259 1585 942 116 S i uos dirai ꝑ q̃l raison

253 1684 1052 122 L es portes du borc sõt f̾mees

248 1773 1010 131 ⁊ les gaites ẽ balt mõtees

258 1881 939 141 y dome pleure .G. pense

253 1989 1052 136 M l̾t remaĩt de ce q̃ fox pense

417 2078 859 141 nͣt Guull̾ ot .i. poiflence

413 2191 859 117 Sõ chief dreca si a parle

272 2289 859 127 ⁊ dit ydome bele amie

276 2388 846 145 ꝑ ou uint il de labaie

281 2500 831 127 S ire dit el ꝑ le postiz

291 2599 816 122 Qͥ est deu̾c le plaisseuz

287 2686 1058 132 G e usor les cles cles sor cebãc

291 2796 1045 115 G uill̾ apris .i. drapeaublãt

294 2883 1058 132 S a aumoine le chief bende

303 2990 829 125 ⁊ puis la atõ col leue

300 3087 926 125 A tot le moine sẽ torna

306 3180 864 141 ⁊ ydoine enp̾s lui ala

300 3290 964 128 Qͥ li deust couꝑ la gueule

300 3390 1052 135 N e remaĩsist eleiluec seule

303 3496 1064 138 A inz sassist sor une fenestre

300 3612 1014 122 D e ce fu Guull̾ bon maistre

303 3703 895 116 Q̾ il est aupostiz uenuz

300 3803 914 125 P ou li moines ert issuz

291 3880 1032 140 ⁊ le met ius puis deft̾ma

309 4109 1061 132 G uill̾. entre en .i. seutier

309 4222 899 125 ꝑ on li moine uõt pis

309 4310 1080 128 T ot droit ẽ la chãbre senetre

316 4407 1073 122 O u lẽ garist du mal duuẽtre

322 4510 979 169 P uis la sist au prem̃ ꝑtus

1413 1398 821 108 ⁊ bonem̃t se ꝯfort̾ent

305 3992 1009 146 L e postiz puis le rencarcha

1389 192 845 150 ⁊ puis aregarde u̾c luc

1389 322 851 122 .i. fais de fam̃ iuit gesir

1389 417 878 127 De qͦi li moine au deꝑtir

1389 511 1052 131 D e la chambre t̾oent lor rains

1399 613 851 115 G uill̾. ne fu pac uileins

1411 722 858 109 i. torchon fist si li bouta

1405 794 973 128 D edenz son poig puis sẽ ala

1405 903 942 104 ꝑ mi le fonz dune niẽz rue

1399 980 849 131 del poor a q̃ tot cressue

1408 1083 882 136 y dome sa feme a trouee

1405 1185 907 122 Qͥ form̃t ert espoantee

1403 1290 920 136 A ndui ẽ lor ostel entrerẽt

1414 1498 883 106 Qͥ l cuitent estre deliure

1411 1588 901 104 D u moine qͥl orent tue

1427 1679 904 131 L i moines siet geule baee

1413 1787 812 108 Qͥ ot eu mortel colee

1417 1881 869 112 ⁊ li autre sõt endortoir

1413 1979 863 118 E n .i. lit leile refretoir

1417 2073 864 127 I ut li priort de labeie

1427 2176 995 118 T rop ot m̃gie si ne pot mie

1430 2283 895 122 P rꝰ demorer q̃ il ualast

1427 2386 923 113 E n auꝯ leu ouse uuidast

1422 2486 1038 122 A tent en la thanbre ẽ eutra

1422 2585 887 122 A uprem̃ ꝑtuc sarresta

1433 2683 892 119 P iꝰ tost qͥlpot p᷑ lui nud

1417 2777 812 122 Lors se ꝯm̃ce a effort̾

1422 2890 901 122 S onchief dreca si a ueu

1436 2996 958 113 L ecougretain quituez fu

1430 3090 1058 115 Qͥ ne mouoit ne piez ne maũ

1436 3185 934 127 h ar fait il ꝯ est uileins

1436 3284 986 112 li sougretains qͥ ci se dort

1436 3378 1024 140 S il le ꝯpaire nest pas tort

1422 3467 1103 145 D emaĩ quͣt serou̾t ẽ chapitre

1427 3598 925 122 S il eust failli alespitre

1445 3692 953 131 N eust il mie plꝰ meffait

1445 3781 972 145 p᷑ esueul̾ sest auant trait

1582 3884 849 146 anz sogretain dit le pͥor

1577 3969 976 150 coielz uos uenist or ẽ dortor

1431 4081 1080 146 D ormir q̃ ẽ teste longaigne

1445 4208 996 127 H ouie soit uostre gaaigne

1445 4283 1076 155 Qͥ si uosa grant honte faite

1436 4400 1164 132 A incois me fust la cuisse fraite

1441 4504 986 150 ⁊ le dos arc ẽi chaus feu

2605 3171 878 136 ⁊ puis ap̾s si sentornoit

2610 3382 929 127 O u li moines pͥst la poison

2610 3485 920 118 D ont il garra iamais ata

2610 3579 774 136 O pͥ Guisł qͥl se gart

2629 3964 882 141 Oi form̃t espoente furẽt

2629 4086 845 127 ⁊ se ꝯfortent boneuĩt

2629 4194 859 127 Q nͣt une boufee de uẽt

2629 4288 891 131 S est es dras le moine ferne

2629 4386 891 122 Qͥ tot le soz liaie ⁊ remue

1394 3880 220 257 D

2510 900 248 235 O

2549 178 943 178 Qr me dormiste ẽ fi uiu leu

2549 319 873 131 Q nͣt il ot fait ce q̃ u qͥst

2560 437 914 116 ꝑ le sogretain uint si dist

2563 525 923 122 D ans sogretainc esueilligrue

2563 616 785 128 ⁊ cil qͥ fu morz aestrox

2563 713 817 122 S i est cheuz toz atrau̾e

2569 803 786 122 ꝑ de sus la priuee enu̾s

2722 882 752 122 nͣt li pͥors chaoir le uit

2713 999 746 117 Qͥ st ce p᷑ le seint espat

2582 1093 943 122 F ait il lors cist momes est is

2588 1185 870 122 Or auoie ge ml̾t grãt tort

2572 1280 948 141 Qnͣt ge de tui mẽ tremetoie

2577 1384 934 145 I e mar uenisse hui ceste uos

2582 1495 829 112 D iex ꝯ me porrai ꝯseur

2582 1571 859 141 I ltenca amoi auãt bier

2594 1676 773 119 ⁊ ge a lui cest ueritez

2588 1767 804 131 Or dira lon deuãt labbe

2591 1857 925 132 Qnͣ trahison laurai murtra

2594 1961 767 115 T oz fu li priors esbahi

2600 2048 883 138 p᷑ pensa coi qnͣ porroit faͥre

2600 2162 916 146 ꝯ m̃t en porroit achief tͣire

2596 2280 910 112 D ist qͥ el borc le porteroit

2600 2380 874 125 D e denz la uile ⁊ le lairoit

2594 2489 880 107 A lus a aucune borgoise

2610 2571 860 128 L a plꝰ bele ⁊ la plꝰ cortoise

2603 2674 805 115 Qͥ soit ẽ tot le tenem̾t

2597 2774 898 125 S i diront aumatin la gẽt

2600 2875 798 122 Qͥ lueq̃s laura ontue

2600 2965 878 131 D onc ale moine remue

2603 3068 892 131 A sõ col le lieue tot deoit

2600 3256 878 145 S ilẽ porte ala maison

2624 3664 864 140 Qr sen li trueue le matin

2616 3775 873 128 G e cuit qͥl est p̾s de safin

2619 3875 817 122 G uill̾ ⁊ ydoine iurẽt

2629 4485 868 159 A la porte le fait buit̾
