3632 5595
149 1244 216 238 O

208 170 982 153 D it ydome ꝑ seint honer

199 285 777 119 S ire õmll leuez sus

191 373 929 125 I i ane saiqͥ anostre hus

211 484 905 119 M l̾t nos a anuit agaitiez

200 573 892 117 A tant sest ouul dreciez

186 652 920 145 S ongibet pũt isuelem̃t

182 736 924 126 a lus senuint deliurem̃t

186 839 920 121 y astiuem̃t cu deff̾mez

182 946 761 107 ⁊ limoines qͥ fu cuez

182 1039 966 112 L i est cheuz sor la poitrine

182 1128 924 130 ⁊ oill̾. chiet sor leschine

336 1230 775 136 nͣt guur se sent cbeu-

326 1324 799 116 m i̾t̾ se m̃ueille q̃ ce fu

191 1431 1013 126 A haute uoiz sa feme escrie

182 1519 821 140 S dist ydome qͣr maie

182 1613 910 144 N e sai qͥ est cor moi cheoiz

189 1734 834 109 D ediex soie ge maleou

186 1818 953 130 S e ce est hom se ge nel cue

168 1911 891 145 I doine sait cus tote nue

174 2029 864 103 A n fen corust si aluma

180 2132 951 96 S i uit le moine ⁊ esgarda

172 2219 873 126 G uill̾. nos somes traha

168 2307 910 140 C est li cogretaĩs qͥ gst ci

174 2415 1026 124 D ame fait il uos dites uoir

174 2527 1063 121 M aleoit soit mauuais auoir

177 2626 870 112 ⁊ couoitise ⁊ trabison

171 2729 991 121 Qͥ l nẽ puet uenir se mal nõ

177 2825 852 118 D on est il morz. c̾tes oil

180 2934 902 112 Mi̾t cen m̃ueille cele ⁊ cil

172 3007 939 140 ⁊ dient bñ q̃ cest maute

192 3120 840 121 Qͥ lueq̃s le ront aporte

195 3220 859 112 G uul le pnͣt de rechies

189 3322 880 118 Y dome libailla .i. brief

186 3419 939 124 O u li nõ diex furẽt escrit

182 3510 933 126 ⁊ il ml't uolent̾c le prist

177 3621 861 105 Q rͣ ml̾t durem̃t si fia

174 3730 920 105 A tot le moine sentorna

186 3813 961 125 ⁊ qnͣt il uint sorle fumier

167 3919 912 106 S ire tibout le moitoier

167 4015 968 131 Qi les blez as moiues gardot

172 4103 995 158 ⁊ de den̾s auoit plem pot

180 4218 902 121 ⁊ dautre richece plente

177 4303 859 121 I. grant baꝯ auoit tue

177 4410 920 162 D im porc qͣl ot ẽ camaicõ

1261 2216 220 246 ¶

1315 177 905 102 E ncraissie tote la saison

1299 267 868 124 S i lot pendu p᷑ essuier

1306 369 889 119 Enble liot .i. pautoni̾

1324 475 930 109 L e coir deuãt ⁊ lot repost

1312 571 973 106 D edenz le fumꝰ dant tibout

1321 655 1064 118 E ncor nẽ cauoit autre essoine

1324 749 902 115 G uill̾. qͥ portoit le moine

1299 826 918 115 S est sor le fumier arrestez

1306 929 936 127 S achiez q̃ ml̾t estoit lassez

1309 1031 824 125 D elui port̾ ꝑmi lauile

1311 1132 878 136 Il ce porpense ꝑ q̃l guile

1321 1224 924 125 I l senporra mieli deliurer

1318 1330 855 118 E l fum̃ le uelt enterrer

1302 1429 846 115 D edẽz le fiens ⁊le laira

1302 1519 999 119 a tant le moine ius mis a

1324 1613 1061 133 i. grant trou afait a samein

1312 1718 786 125 p᷑ enfoir le sogretain

1315 1812 827 124 L e baꝯ sent. si ses bahi

1306 1930 777 105 Q̃ lilierres ot enfoi

1307 2014 845 116 L a coanne uit n̾coier

1311 2121 845 130 ꝑ pis le ꝯmce adecloier

1437 2210 775 121 edit Gulł tot p᷑ uoir

1428 2307 878 136 cia .i. autre moine noir

1302 2415 1013 130 Qͥ ml̾t nercoie ce me sanble

1302 2511 1079 131 or les metrai en dels ẽcanble

1306 2617 1013 115 F aire le uolt mais il ne pot

1302 2722 1036 112 Qͥ st ce porle baron seint lot

1296 2828 886 112 U oit guill qͥl ne porra

1302 2921 874 109 L ors se porpensse qͥl u̾ra

1293 3021 905 112 Qͥ l mom̃e cest qͥ est tue

1293 3120 837 115 D onc ale baꝯ remue

1296 3210 958 134 D iex aide fait il cest char

1299 3335 1036 105 Q̾ naipas tot ꝑdu monchar

1293 3431 927 100 Q nͣ la forest me fu anble

1288 3515 859 140 Qͥ iai den̾s ⁊ char assez

1296 3621 939 118 L e moine dedẽz le sac met

1302 3726 1008 115 ⁊ du courir ml̾t sentremet

1293 3823 861 124 A utresiꝯ il fu deuant

1279 3921 887 130 O le baꝯ senuait corant

1287 4028 843 124 u̾s son ostel est retornez

1279 4121 1013 135 Q nͣt safeme le uit trouxez.

1279 4228 961 122 S i dist est ce le sougretain

1283 4303 985 149 N enil dame ꝑsem̃t g̾main

1281 4429 970 130 A inz est .i. baꝯ cras ⁊ gros

2562 3893 803 154 ⁊ cil senuõt isꝯclem̃t

2428 170 980 131 N os auon char q̃rez des chox

2437 276 856 118 I lgarz qͥ le bas ot pris

2434 376 924 121 C hies le uilem siꝯge dis

2425 481 768 103 E n une tau̾ne iooit

2418 536 1055 144 U in ot mais boiure nẽ pooit

2422 671 895 99 P uis adit a ses ꝯpaignõe

2416 739 892 118 S eignor fist il q̃l la ferõs

2431 829 886 103 Ge croi bñ se nos eusson

2428 916 874 128 C harbonee dun cͣs bas

2427 1007 1036 144 Qͥ noc en beustion ml't mielz

2425 1122 818 127 C bas ꝯ liiure ꝑ ses elz

2422 1221 1055 121 B eax dolz amis uos dites uoir

2418 1310 1059 140 M ais nos nẽ poons poĩt auoir

2422 1420 942 118 Q̾ couchie se sont li bouch̾

2428 1532 833 109 ⁊ sinauonmes nul den̾

2418 1594 989 135 S eignor dist il genar i. bon

2425 1709 899 121 Qr ge nos metrai abãdon

2413 1815 951 105 G ras est ⁊ gros ⁊ si lenblai

2419 1908 939 103 Ml̾t bonem̃t le uos domin

2418 1981 1059 149 C hies dant tibout le metoier

2425 2104 930 112 M ais gel mucai ẽ .i fusm̾

2428 2210 921 108 U ale q̃rre fait u esploite

2413 2307 1064 122 C il qͥ mainte chose ot toloite

2413 2405 992 128 S e n est au fusm̃ droit ales

2416 2514 836 124 O u li baꝯs estoit boutez

2422 2611 850 116 a son colie moine leua

2419 2704 786 121 E n la cau̾ne ie porta

2419 2822 920 99 C hasꝯ li crie wileꝯme

2418 2909 728 135 ⁊ cil agite iꝰ sasome

2413 3018 951 118 P uis lor adit seignor mol̾t

3169 2890 215 149 poice

2425 3114 877 124 D onc ont apelee cortoise

2413 3217 861 124 L a chãberiere de lostei

2413 3335 904 112 D iua fait il ou a nul pel

2418 3412 1022 140 N os uolon faire charbomees

2394 3537 945 90 S ont cez escueles lauees

2409 3636 899 100 E sploite tost ⁊ nos iron

2419 3720 870 134 Qr rre busche cieuuiron

2548 3823 836 112 ele fait lor ꝯmdement

2413 4019 896 135 T bt droitem̃t a .i. palis

2399 4116 990 131 O u il auoit grãs pex faitiz

2409 4227 918 109 C hasꝯs aiesien estachie

2404 4317 989 140 P uis sont arries repairie

2394 4396 1037 243 S ont demande une ꝯigtic̃

2366 3828 217 245 E
