3690 5630
205 2243 260 234 E

291 212 895 100 C le lor fu ml̾t tost bailliee

284 297 808 109 C elot la paiele lauee

287 390 892 119 S i est au sac corant alee

291 500 785 100 Elle des lie ꝯme sote

291 575 904 131 L e moine saisist ꝑ la bote

291 675 1067 116 T ranch̾ en uolt mais el ne puet

297 775 898 113 U oiz ꝯ cele garce se muet

281 858 1052 131 F ont li larron etne fait rien

294 953 910 122 L a baiasse les entent bñ

286 1050 1075 132 D onc respont ꝑ seint leonart᷑

281 1149 1005 141 C ist baꝯs est plꝰ dur q̃ hart

281 1238 977 122 Si est chauciez ce mest auit

281 1366 886 107 C hasꝯs en est ẽ piez calliz

276 1445 1010 140 C hauciez font il. ⁊ il ꝯment

284 1563 946 104 C ele lor mostre aꝑtement

287 1642 867 103 L e moine qͥ el sac estoit

287 1742 786 112 ⁊ cil qͥ aporte lauoit

272 1825 1042 131 S est ne sai qnͣtes foiz seigniẽz

287 1954 964 88 Guarnot cadit li tau̾uers

275 2039 995 131 P᷑ qͦi as tu cest moine mort

272 2144 962 126 S ire fait il ues auez tort

408 2252 906 117 nq̃s ꝑ to sains nel toschai

413 2336 892 141 mais cest deable bñ le sai

278 2452 923 112 Qͥ a fait moine de bacon

286 2533 986 131 S e diex me douit ꝯfession

281 2655 911 117 Ce fu .i. bacon q̃ ge pris

284 2758 977 122 Or sest deable ẽ giuse mis

287 2874 989 97 D e mome pornos enꝯbrer

281 2952 1033 125 M ais bñ nos ecuit deliurer

281 3040 1118 126 G el porterai chies dant tibout

291 3159 1014 115 U a dõc font il esploite tost

287 3252 1008 132 ⁊ sile pen tost au cheuron

281 3368 831 122 D ela oup̾tis lebacon

275 3490 951 85 i feraige ꝑ seiñt denis

284 3578 971 109 A donq̃s ra le moine pris

287 3668 971 129 D esor son col lont leue

272 3767 920 127 Ez le nos el chemin entre

291 3862 826 129 P uis aueu ẽ .i. cortil

286 3931 1014 169 G esir .i. grãt uiel charetu

281 4072 964 119 E nꝯtre la maicõ le brece

281 4175 1027 119 ⁊ garnot aumont̾ cadrece

287 4275 1024 110 D roit au ꝑtus q̃ auoit fait

276 4377 897 122 ꝑ la ouot le baꝯ trait

284 4491 1030 147 M l̾t la bũ droit ꝑmi boute

1367 849 245 252 D

1417 187 877 125 P uis la bñ alahart noe

1424 290 860 125 ꝑ mile col bñ fermem̃t

1433 394 807 115 A t̾re senuint uistem̃t

1417 484 827 119 A la taũne est retornez

1433 591 789 119 A sesꝯpaignõs a ꝯtez

1436 688 786 109 ꝯ il a le moine pendu

1445 775 799 113 A la hart ou libaꝯs fu

1586 844 798 145 es larrons uos lairaiest̾

1577 947 840 132 Duuilain uos uorrai ꝯt̾

1433 1063 883 113 Qͥ gisoit auuec samoul

1436 1179 842 103 E l le ꝯmence aesueill

1433 1279 939 84 S ire dist ele ia est matin

1439 1369 930 91 ⁊ beautens dal̾ aumolin

1430 1463 958 113 Q̾ noc nauomes ã .ii. painc

1430 1557 951 100 D ame ce respont li uilains

1427 1651 896 122 G esui malates cierzior a

1436 1748 898 116 E sueilliez martin sura

1433 1864 948 103 C e mercerot qͥ chasꝯ mois

1427 1937 1037 117 C ouche caienz .ii. foiz ou trois.

1420 2045 886 106 S i lipͣmetez bon tortel

1427 2142 885 128 S ire dit ele ce mest bel

1427 2245 901 128 M artin dit ele lieue toi

1427 2345 887 118 D ame dit il ⁊ ge por qͦi

1436 2445 895 122 A u molin te couient al̾

1430 2558 867 109 D ame fist il or dugab̾

1427 2661 929 103 U os tuastes uostre porcel

1430 2749 895 125 Onq̃s desos ne du bouel

1430 2865 920 118 N e mesforcastes de meng̾

1420 2955 880 132 S inge or ẽ uostre dang̾

1417 3054 991 122 pͦ ce sesis sor uostre estrain

1430 3168 839 109 ⁊ l na encest pais uilain

1430 3252 882 122 Qͥ assez plꝰ ne me p̾stast

1417 3349 888 146 ⁊ uolent̾s ne me tonast

1420 3471 961 116 T oit autresi ꝯcaienz fait

1430 3565 1064 122 M artin fait eleorne fai plait

1413 3673 967 122 S ege tedoiz de mõ bacon

1430 3765 904 119 U ne piece sor le charbon

1427 3861 854 126 ⁊ du pain ades ameng̾

1441 3964 887 131 p orroie ge entoit rouũ

1442 4062 949 129 Po q̾ cu faisses maproiere

1430 4178 895 116 N ame fait il abele ch̾e

1433 4266 998 119 F erai lors qnͣ q̃ uos uoldroiz

1430 4369 983 128 M artin fait ele ce est deoiz

1427 4471 854 183 E tu naies ci anras tu

2538 212 845 119 T el cop a son mari feru

2525 319 808 115 S rre fait ele sus leuez

2544 409 748 107 A les aubas sencelpes

2530 483 939 126 U ne charbonee amartin

2547 584 898 116 ⁊ puis ira droit au molũ

2547 697 923 109 I i uileins mõte ẽ sõ cegnau

2544 785 848 115 ꝑ ou nels tu a̾ge tẽ tail

2538 888 876 100 S ire ꝑ la oubonuos ert

2550 969 873 110 Fox est qͥ de ce ꝯsen qͥert

2544 1066 958 116 P lꝰ est il uostre qͥl nest mien

2544 1179 879 109 ꝑ foi dit tibout tu di bñ

2544 1285 851 103 E sclaire le feu si uerrai

2541 1357 801 128 ꝑ mafoisire nõ ferai

2539 1459 949 108 Q uos sauez bñ ou il pent

2549 1548 981 122 ⁊ dant tibout sa meĩ estẽt

2544 1651 926 125 Q nͣt cuida puͣre le bacon

2557 1751 892 116 L e moine pͥst ꝑ le talon

2563 1848 962 127 P uͣre enuolt une charbong

2549 1932 971 127 L a hart fu seicbe ⁊ẽfumees

2547 2051 817 107 Q̃ ele ront si est cheuz

2544 2164 939 100 M ais dant tibout asiferu

2539 2256 996 127 D ecor lechief aͥ le trebuchos

2544 2331 976 136 D esoz le tom dune uiez huchis

2544 2439 995 141 Q nͣt dant ti bout cheuz sel

2550 2546 886 134 M artinet escrie form̃t

2553 2658 924 116 M arcinet fait il li euetoi

2553 2739 982 165 L i baconc est cheuz cor moi

2560 2865 914 109 A donc martinet seleua

2560 2955 904 113 A u feu corust si la luma

2563 3049 967 131 L e moiue esgardetoz iriez

2553 3162 972 108 Plꝰ de xxx foiz sest seigniez

2544 3256 867 118 S ire sire ce dit mͣtin

2557 3359 876 115 ꝑ la foiq̃ doi seint mͣtin

2563 3443 957 127 S est pas ba concaĩz est male

2569 3556 889 131 Qͥ sanble moine coronez

2708 3654 770 132 i est chauciez se diex me

2699 3758 784 131 li bacons qͥ pẽdoit ẽ hate

2569 3853 858 134 Il i est mie ꝑdu lauonc

2563 3955 957 140 N oc auons moine p᷑ bacon

2563 4048 976 146 L as dit ti bouz or sui ge mone

2563 4161 957 131 D emaĩ serai penduz atort

2558 4255 948 141 Q̾ tot le mõt dira demaĩ

2558 4367 972 132 Or gaurai mort le segretaĩ

2549 4466 864 183 S rrecire dit martinet

2543 3653 183 253 S
