3551 5630
239 980 193 375 O

173 229 113 141 5

322 243 923 110 p ouualt sens sãz richece

312 331 783 131 E n home ne proece

306 434 923 132 T ant le s uoie ẽ ses flors

306 531 729 122 ꝯ ila q̃ despendre

277 619 822 131 ⁊ qnͣt il na q̃ pũdre

258 703 747 155 I a ami ne secors

267 821 803 126 U ere dame na ami

277 896 704 136 Ce dit li uilaint

422 1013 747 113 il qͥ doutremer uient

418 1107 822 126 Grant paroles maĩtiẽt

272 1191 911 132 D e lamiralt du coine

295 1294 700 127 D ient q̃ tor adinc

286 1388 822 146 E st morz ⁊ sa la dins

278 1507 873 116 R etient ia babiloine

272 1598 776 109 D e longues terres

272 1703 770 112 L ongues nouueles

272 1820 675 84 C edit liuilaint

263 1895 859 117 P uis ꝯ ne uelt tenir

259 1992 764 122 S eignor ⁊ bñ c̾uir

256 2095 892 122 G entix hom qͥ na rien

259 2195 760 116 I a celui namera

253 2289 704 125 Qͥ li conceillera

253 2392 799 127 N e senor ne sonbñ

237 2508 1014 119 N est dome qͥ ꝯseil neccoit

239 2585 709 126 C e dit li ui lains

234 2669 907 160 D aq̃ster orent erres

225 2805 817 108 Q̾ de fiez ⁊ de terres

248 2890 841 122 F irent departem̃t

225 3002 911 122 C il se fist rois cil conte

228 3093 1001 131 N onq̾s ne cindrẽt conte

225 3209 836 122 S e tote lautre gent

230 3288 953 155 Qͥ pͥmes pu̾t ne senrepẽt

225 3401 751 136 C e dit li uilains

220 3485 832 146 C il qͥ amoine monte

220 3598 836 127 ⁊ destorne mahonte

211 3697 878 131 ⁊ manor me porchace

209 3806 1008 119 N el doit faire ẽ pardon

201 3903 832 141 A mz ien doit g̾redon

197 4001 916 146 ⁊ rendre grez ⁊ grace

197 4100 845 127 N est tot mai qnͣ aide

201 4213 775 122 Ce dit li ullains

192 4316 855 122 Nature lome prueue

201 4410 771 126 I tel ꝯ el le prueue

192 4504 822 159 N e ia pornorreture

1174 797 122 155 5

1150 1703 113 136 5

1390 215 812 174 Li cuers fel ⁊ uilaint

1376 347 817 131 N e au plꝰ ne aumeint

1366 441 766 126 N e laira sa nature

1380 544 799 126 Ia de buisart tete

1352 642 822 122 Ne fera len esꝑiuer

1348 741 751 126 C e dit li uilaint

1343 830 709 141 .iĩ. mest̾t ai aprit

1357 928 770 132 A lestre fui ia mis

1357 1013 855 150 Or nel tieg ne nellais

1352 1111 761 136 D e ce suige bñ fers

1362 1219 845 136 N e sui ne clers ne lait

1348 1323 652 126 ⁊ sui ⁊ elt̾ ⁊ lars

1348 1407 822 145 C il qͥ .ii. choses chace

1348 1501 709 150 N ule nenprent

1343 1604 742 136 C e dit li uilais

1343 1721 770 127 F ox est qͥ aparente

1343 1815 878 132 N e parent ne parẽte

1333 1904 827 132 D e quͦ il ait iultance

1338 1993 916 155 M ais loinz de lui le mete

1338 2097 766 136 N onq̃s ne lip̃mete

1329 2209 869 132 C hose ou il ait fiance

1333 2303 771 136 Bon iornel fait

1338 2406 747 146 qͥ de fol se deliure

1338 2514 667 132 C e dit li uil ains

1442 2589 709 155 asꝯs amis ce fait

1437 2702 765 131 ⁊ dit tot entresait

1310 2810 902 141 D utot enuos me met

1310 2904 681 150 S e besoig auiez

1301 2997 685 151 D onc aꝑ ceuriez

1301 3115 831 126 C e q̃ ge uos pramet

1296 3204 794 141 P lꝰ sont de comꝑes

1301 3317 718 136 Q̾ ne sont damis

1291 3415 733 136 C e dit li uilains

1282 3514 873 145 F ox est qͥ tant atent

1282 3617 718 117 Qͥ len aescient

1287 3715 779 136 Le sorpnͣt ⁊ traine

1277 3828 775 131 A ins q̃cil le decoiue

1277 3912 1085 150 Face qͥl aparcoiue

1277 4016 728 131 ⁊ sache sonconine

1277 4114 700 127 Bar chace te leu

1268 4217 822 136 Qi caproie en resq̾ut

1258 4330 672 113 Ce dit li uilains

1258 4424 804 136 F ortune ne seiorne

1249 4518 1113 183 P uis die amai ce tornez

1277 2585 197 361 C

1117 3499 113 240 A

1099 4414 122 226 4

2273 839 113 155 5

2423 1712 190 342 S

2449 272 898 143 D u saige home fait foi

2461 380 798 131 H ui li brise la main

2461 478 789 131 ⁊ le braz lendemain

2451 567 789 136 ⁊ autierz ior le col

2455 675 930 135 Qͥ auiẽt une nauiẽt sole

2462 778 801 104 C e dit li ilains

2465 863 885 119 P uis q̃ chaitis sor puet

2455 972 867 103 Plꝰ garoz nẽ estuet

2455 1060 880 116 P arler qnͣt la sorpris

2455 1163 864 113 I a merti nen aura

2440 1257 866 119 N ennorer nel saura

2437 1351 691 136 Qfͣ il ne la aprie

2442 1440 789 131 Dolente la uile

2446 1545 867 122 Q̾ asniers por uoit

2443 1642 838 125 He dit liilains

2564 1745 785 117 e ge lais mauuais ost

2564 1829 813 146 Dune uile ou dun ost

2437 1937 860 122 Ni e cauesq̾x gelaiz

2418 2036 913 103 Se mauuait est li sirec

2421 2123 932 132 L imieldres ẽ est pires

2418 2233 957 128 U ns hom fait c. mauuai

2414 2317 775 136 Qi le chies diett

2412 2436 957 135 T uit lunenbre li duelet

2409 2533 780 127 Ce dit li ilains

2412 2642 923 129 C il qui tot le sienbouie

2393 2739 885 126 O ses maĩs o cagoule

2412 2843 941 134 P uis uait ct̃cre son paĩn

2390 2922 752 146 Q r cil ne le q̃rois

2386 3040 831 117 A estrox entle roit

2393 3140 901 122 De la teste de faic

2380 3234 951 134 U ente ⁊ pluet aqͥ est oes

2386 3340 723 136 C e dit liuslaint

2376 3448 888 122 N e uoi nefoi ne sage

2376 3546 930 122 Qͥ couoit son damaige

2357 3640 921 122 a ins uelt chasꝯ cõ bã

2367 3748 873 117 L i iouenes ⁊ li uielz

2367 3842 925 131 N es me sire aime mielz

2362 3950 841 112 A con oes q̃ au mien

2357 4030 747 136 Qͥ fait conpreo

2357 4152 700 126 N e ꝯgie samain

2357 4245 733 127 C e dit li uilains

2372 4344 887 145 C e lui tiẽg ge por sot

2372 4443 868 126 Qͥ au p̾meraua mot

2362 4532 949 197 S ou marchie puͣt ⁊ fait

2226 2617 113 160 5

2221 3415 104 244 4

2179 4330 146 141 5
