3551 5630
244 1144 169 254 S

247 284 788 119 ꝯ ment issuz de prison

253 387 704 129 p᷑ .x.łb̾. de raencon

247 494 832 112 A douc li ꝯte le meschief

247 597 916 106 D u forest̾ de chief enchief

244 681 797 119 a qͥ il doit c .s. paier

244 781 1073 122 D ame or me puisml̾t esmaier

244 885 904 115 Q̾ genẽ sai d̾. ouprandre

237 975 1048 119 Or me conient mes bestes uẽdre

244 1069 769 116 ⁊ le ble q̃ goi meng̾

409 1179 898 106 ire or ne uos chalt desmaier

397 1263 926 122 fait la dame qͥ ml̾t ert saige

237 1360 923 125 P iꝰ q̃ mile de son lignaige

244 1454 976 128 I auẽ uẽdroiz ble ne aueine

240 1563 1055 119 Hors uos metrai de teste paine

237 1673 1005 106 B ñ uos osterai de ceste frape

244 1776 960 100 ⁊ il remandront ẽ latrape

244 1861 998 122 D ont uos serez autretãt lie

244 1970 919 94 ꝯ il uos ont fait correcie

237 2070 929 103 T ant se pena de confort̾

244 2158 841 115 Q̾ il sont assis au souꝑ

234 2248 976 132 Q nͣt costãt a si tart mẽgie

240 2355 967 122 D ame ysabel si la couchie

244 2445 1057 132 L endemain uait a la charue

247 2561 951 119 L a dame nest pas esꝑdue

240 2661 1011 116 A inz apela sa chanberiere

237 2761 929 116 U ne goulue pautouiere

247 2858 1038 122 L a meschine ot nõ galestrot

231 2971 954 106 Ml̾t sot de fait ⁊ de tͥpot

234 3074 1011 113 G alestrot or entent amoi

234 3159 954 118 M l̾t bñ ce q̃ uuel te dirai

234 3256 1058 134 D a mediex nos enuoit gaaig

237 3362 1064 112 Q̾ ur tost si mapareille . rbaig

237 3465 867 128 C elest haste ne pot plꝰ'

228 3565 801 110 S i amis la paele sur

237 3675 976 106 ⁊ la iue chaufee ẽ la cuue

247 3765 907 125 P᷑ faire ꝑ dedeuz est uue

244 3862 1085 144 P uis reuient a sadame errat

237 3981 1008 103 D ame iai fet uostre com̃t

237 4066 1001 125 G a lestrot fait el bele amie

237 4166 845 122 G e te ꝯm̃t decoitauie

237 4278 883 113 Q̾ tu soies pros ⁊ isuele

240 4372 873 119 ⁊ q̃ saiges de la faugle

234 4472 1036 125 T ant q̃ nostre p̾u entraion

244 4582 894 147 ⁊ sigaaigne .i. pelicon

1367 284 957 135 U a di au p̾stre qͦr mas pͥse

1367 397 932 106 T ant q̃ sui p̾ste a sõ suase

1357 494 933 109 S e il me tiẽt ma couenãce

1367 578 898 113 D ili qͣport sanz demorãce

1376 675 779 116 Les uii. Ro. ⁊ les ioiax

1376 769 926 122 ⁊ cele escorce ses trumeax

1376 875 951 107 Qͥ gros furẽt par les talons

1376 969 967 116 U ne uacche qͥ sent tahons

1376 1069 889 113 N e ui plꝰ galoꝵ ꝑ chaut

1373 1172 973 110 Q̾ galestrot senuait le saut

1373 1273 801 106 Ml̾t se pena de tost al̾

1376 1354 982 128 L e p̾stre ert uenuz de chant̾

1379 1466 839 116 E le le traist aune ꝑt

1370 1554 998 128 S ire fait el ce dieume gart

1376 1663 1076 116 G e triem ma peine auoir ꝑdue

1370 1767 963 109 T ant me sui p᷑ uos ꝯbatue

1370 1864 923 106 S e uos ne fussiez si cortois

1367 1957 988 110 U os ni auenissiẽz des mois

1373 2042 1061 116 S e ge ne mẽ fusse ent remise

1379 2148 1001 125 C i nafiert pas lõgue deuise

1389 2239 923 138 A portez li tost capromesse

1376 2336 1151 141 ⁊ ge nai point de guimple espoisses

1379 2458 804 106 L i p̃stres lacole si rit

1389 2549 923 118 G a lestrot ne te soit petit

1529 2649 773 115 ien xx.E. a un pelicon

1514 2749 910 128 Est or li uilains ẽ maison

1379 2849 876 122 N e nil li las il iiẽst mie

1373 2943 901 125 S ire lai tya dame traie

1373 3062 1032 106 S e uos nestes ml't debonaire

1376 3146 998 138 C ele q̃ bñ sot son p̾u faire

1373 3256 895 118 B outa les .xx.s ensõ cain

1370 3365 829 103 S i se ꝑti duchapelain

1376 3462 782 109 ⁊ cil est coruz as deñs

1367 3546 970 126 T ant ẽ apris ceuz ⁊ mult

1367 3668 948 107 C une grãt borse ẽ afarsie

1370 3756 870 125 ⁊ les ioieax noblia mie

1360 3859 886 116 A inz bouta tot ẽ.rsaq̃l

1370 3969 985 109 ⁊ puis sa fub la dun mantel

1367 4050 1101 128 U air. descarlate taint ẽgreine

1367 4156 923 119 S i ꝯ fortune le demaine

1364 4263 904 109 S i ist de sonostel atant

1360 4356 989 135 S iua li p̾stres coz fauchãt

1364 4460 869 134 Q̾ li sachez lipoise aual

1367 4563 866 122 Q ez ꝯme li auint mal

2522 2341 845 126 ꝑ foi dame ce dit le p̾stres

1343 2648 178 265 C

2489 1254 230 247 Q

2499 272 720 134 U ne geline pielee

2493 397 820 97 A enmi sa noie trouee

2506 494 838 109 Qͥ pasturoit ẽ la charrien

2506 581 838 113 D õc senuolt retorn̾ armes

2506 681 810 97 ꝑ᷑ ce qͥl ientendoit sort

2506 775 847 103 A sez piez trueue .i. bastois

2506 869 738 103 A la geline tait al̾

2509 953 729 119 ⁊ ele senpuͣt auol̾

2512 1072 841 97 E n son gelinois le maudi

2518 1151 832 125 h onte li uiegne ⁊ ilssfia

2671 1257 682 112 ui dõc ueist le p̾streae

2674 1366 673 122 le col baisant ⁊ regar

2524 1451 829 122 T ant qͥl est entrez es haie

2524 1557 829 122 ꝯ tre lui salt dame ycab

2521 1654 832 122 Qͥ ml̾t li fait blõdete che

2515 1748 842 116 P uis apela sa chãberient

2515 1842 848 115 Q̾ ur tost le seignor deschis

2518 1948 835 103 G e uueil q̃ il se uoist bar

2518 2033 745 118 ⁊ ge ient̾tai apres

2518 2145 851 116 S i nos solateron humai

2518 2230 854 131 S i menbelira plꝰ sõ estri

2518 2436 854 122 G e ne uos ẽ sai pas mẽturs

2521 2530 839 128 L ors li ꝯm̃ce a deccourir

2521 2636 842 122 L e sachet qͥ nert pas pes

2518 2739 820 122 E lle giete ẽmi sõlit

2518 2849 857 119 O nq̃s aꝯt̾ ni mist raine

2515 2936 863 119 La dame ne fu pas uilais

2502 3052 867 113 T ant le sot de ces du sols

2509 3140 891 131 Q̾ le le fist el baig ẽtrei

2515 3237 845 131 P uis pͥst la robe ⁊ les des

2512 3337 851 131 N e li laissa nec les chaue

2509 3446 863 110 A inz la ensa ẽ sa chãbres

2515 3540 838 122 P uis la galest rot apel

2518 3637 835 128 F ai moi tost uenir le pͥ

2509 3734 838 135 D ili q̃ il aport tantost

2515 3850 816 119 E eq̃ il mot encouenãt

2515 3944 823 128 ⁊ cele sencorne coiant

2509 4041 816 128 Q̾ le fait uol̾ les esclaz

2499 4141 864 134 S e or puet tenir ẽ ses las

2515 4241 848 125 Le p̾uost il lirendra ꝯto

2502 4338 861 137 D e parl̾ alui napashor

2499 4460 829 112 A inz le salue fieremt̃

2506 4560 857 141 I aien nos dit el mal pan
