3518 5595
211 248 893 115 Cil douz mot ⁊ li plaisãt fet

186 351 737 99 ⁊ lidels q̃ uos auez fet

177 444 911 115 imõ onbre en lenor demoi

180 531 802 115 Hetez le miẽ ẽ nostredoi

180 640 871 99 Tenez gel uos doig ꝯ amie

186 746 852 90 Tecroi uos ne lamerez mie

174 817 992 118 Caĩs du uostre encorsoit apire

167 916 837 122 Ielenor fait il de lempire

177 1019 718 124 eme feisse pas silie

171 1112 895 131 l̾t se sont andoi enuoisie

167 1209 871 127 or le puis detãt ꝯil porẽt

177 1333 952 81 I es baisiers tant ꝯ il lor plorẽt

167 1403 943 112 ait chasꝯ la doucor au cuer

167 1510 929 112 Cor amoi ne gitẽt pas puer

205 1600 833 118 or part ce est ore dumaĩs

174 1712 942 118 etel gienꝯ lenfait des maĩs

177 1824 827 93 stoit ele dame ⁊ maistre

189 1892 946 128 ais du gieu qͥ or ne puet estre

135 1976 924 131 Pont il lor coueura ml̾t bñ

177 2107 908 106 encouiẽt mais ꝑł de rieu

161 2182 865 127 ais aut chasꝯc asõ a faire

146 2284 836 131 Le ila autre chose afaire

161 2393 993 134 n̾ puet sõ pent̾ metre aillors

164 2489 834 128 T puis q̃ lorsent ⁊ amors

192 2592 943 124 nt mis an doi loi cuersẽsãble

167 2685 937 137 u gieud remaĩt ce me cãble

174 2788 737 108 e comẽt pat ei dopacl̾

180 2884 790 127 euncil comõ ꝯte finer

261 2977 522 134 L explict

219 3039 667 159 ndipence lorberie.

321 3170 644 154 udatrida fabun

321 3277 654 140 tabula qnͣt il la

167 3384 778 134 acula sua ior le fosse

161 3490 818 131 ntre. ss uers la tierce

149 3593 812 121 ieute dist liuilains qͥ

152 3705 880 121 e sauoit deuiner xiuii ⁊

152 3792 890 133 .iiii. ce con .xuii . ⁊ puis

155 3888 908 140 C.xxx.i. qͥ ne set ꝯtersi

146 4000 896 121 ^de. Se uos drbeauceignor

143 4075 964 133 nl sont encest cieclet̾cien

133 4168 797 152 I. mannieres de choses

139 4277 987 146 ont li p̾udomdoit bñ croire

152 4379 840 131 pude teme sele loit

155 4476 834 158 a p̾miere chose siest

128 3119 239 391 T

1133 1448 273 486 L

1231 257 896 128 tele q̃ si la met en .i. for

1237 366 893 112 tot chaut ꝯme por pain

1231 456 993 103 cuire ⁊ il li uegne audeuãt

1237 550 1021 124 ⁊ li demãt bele cuer com̃t

1231 643 1095 115 uos est il Seie ni dit sire ge nai

1237 746 1021 124 p as froit certes il lendoit bñ

1244 854 998 109 croire. Lautre enp̃s ciest

1222 932 1008 121 tele qͥ sil la met en .i. sac ⁊ il

1222 1041 949 121 loie bñ la bonche. dilla gite

1213 1131 917 115 de sor le pont en laie. ⁊ il li

1219 1230 1092 122 niegne au deuant e il li demãde

1216 1317 930 119 be ele suer ꝯm̃t nosest il .

1222 1420 998 115 sele li dit certes sire ge nai

1208 1515 1017 126 pas soit illeudoit bñ croire.

1371 1610 806 115 a tierce apres si est tele

1371 1715 887 115 q̃ se ele trauaule dẽfant

1216 1818 998 106 ⁊ il li uuegne au deuant ⁊ li

1216 1908 958 112 demant bele suer coment

1225 2004 992 125 uos est il. se ele li dit certes

1209 2101 937 124 sire ge sui malades illen

1213 2197 902 128 doit bñ croire q̃ ciest ele

1209 2300 955 127 Li a qͣrte apres si est tele

1213 2408 886 112 q̃ se se li preudons uiẽt

1209 2505 918 118 Deuant s apreudefeme ⁊

1216 2604 958 122 il li demande dame q̃ feroiz

1216 2707 964 127 uos ⁊ se ele li respont sire

1216 2806 889 118 ge uos corrocerai illen

1213 2900 889 115 doit bñ croire. q̃ si fera

1213 2987 886 127 ele se ele puet. La qͥnte

1209 3099 812 99 a pres si est tele q̃ se la

1206 3201 949 124 p̃udefame se gist delez con

1209 3297 931 137 seignor. ⁊ ele sest ẽdormie

1203 3409 874 118 ⁊ ele lait aler ou pet

1203 3515 856 115 ou uesse ⁊ li p̾udons la

1206 3611 899 103 sente ⁊ il li dit bele suer

1200 3711 880 118 uos nos conchiez toute

1200 3804 940 118 par mon chief sire fait

1194 3891 902 128 ele mais nos rriendoit

1191 4000 995 109 bñ croure quar si fait cle.

1194 4109 974 121 E lire se touchie pas. ams

1206 4211 874 118 conchie son uilam sise

1200 4301 992 125 nestoie a uar ele le deliure

1188 4398 1001 121 de la merde si len aboiure

2321 212 243 375 E

2525 267 778 127 esons les .u. manieres

2514 359 775 116 de choces en cest cietle

2367 447 905 124 terrien. dont li preudom

2357 540 965 143 doit bñ croire sa p̾udefeme

2367 652 880 131 ce eleudit. Se uos dirai

2354 739 840 122 beau seignor ent reuoc

2360 842 862 134 aui ciestes assanble.ne

2363 941 815 115 le tenez pas aborde ne

2354 1031 812 131 a mocuͦs. Nos ne somes

2363 1128 843 137 pas de ces boleors qͥ uõt

2351 1240 818 127 ꝑ cest pais uendant

2360 1330 834 127 sif de moucon por sain

2357 1429 815 125 de marmote. Aincois

2360 1529 790 118 somes maistre mre

2351 1625 831 124 fuicitien qͥ auont este

2348 1734 787 109 par estranges terres

2348 1818 874 130 p ar estranges ꝯtrees

2348 1917 815 122 por firre les herbes ⁊

2345 2023 793 115 les racmes ⁊ les bestes

2351 2116 790 109 sauuaiges dour nos

2348 2206 815 128 faisonles oignemens

2351 2325 806 111 de qͦi nos garusonles

2351 2421 784 106 maleades ⁊ les bleciez

2342 2517 780 125 ⁊ les naurez qͥ cont

2345 2617 796 124 en cest pais ⁊ en ceste

2351 2713 345 121 contree

2519 2822 638 115 mos di q̃ por les

2510 2915 662 118 malades sauer ⁊

2345 3008 886 128 garir ⁊ respassec qͥ cont

2345 3111 827 103 eu cest pais nescuceste

2345 3198 883 140 contree: Auous no c este

2339 3304 874 133 En poitou en cnou ou

2342 3406 830 131 mame encorame ẽ bo

2336 3506 874 133 en seelloione en puille

2332 3627 840 103 en cez le en calabrezen

2339 3723 780 103 terre de bestes ent̃ce

2336 3807 765 128 de labor.⁊ en la t̾re

2339 3900 917 131 mõ seignor seint gobara

2342 4009 836 125 quiles plõmez chie la

2336 4112 814 115 ou les grues pouent

2332 4214 790 115 les faucelles .ii. liues

2323 4301 827 119 de la le bieu. Si uos di

2320 4416 815 112 ꝑ sor tor les maistres

2329 4510 843 158 fuficiens qͥ soient deci

2302 2769 316 280 Or
