3518 5595
131 2188 261 367 Dͬ

199 177 849 140 qundres en angleterre.

211 292 855 108 un esterlin A paris un

217 376 890 118 parisi. Au mans un. mã

217 475 849 118 sois. a roan en normen

192 584 884 99 die i cornois. a bordeax

192 671 853 109 un bordelais a laon .un

180 755 880 118 leoirois. Amuele un ui

167 842 940 127 uelois a colloigne un col

161 951 909 121 longnois. A duiou un di

171 1053 867 112 ioimois asousonc un

164 1140 890 118 saissonnois. A crespi uu

164 1258 871 109 crespicois. En flandres

155 1355 874 87 un artisien . a canbrai

161 1432 884 125 un canbrisien. adoua .i.

164 1541 924 121 doiten. a piouinc un pro-

161 1647 896 106 uenisien. En ueniçe un

167 1740 856 112 uenicien .⁊ ge uos di q̃

161 1837 877 111 se li homs estoit ti poures

161 1924 909 149 on la feme si poure qͥl ne

161 2029 871 134 ussent q̃ doner . uenist

163 2135 312 112 auant

304 2231 719 109 e li presterai une de

298 2337 753 121 mes mainc por dieu

146 2430 886 125 ⁊ lautre porsam̾e. dont

161 2545 887 93 nest ce bou q̃ ge uos di.

152 2629 880 124 ze di ne mais ã dui en .i.

139 2741 887 112 au feissiez chanter une

139 2825 868 124 messe. Ge di nomeem̃t

149 2928 899 105 por lame de mõ seignoi

143 3027 905 124 mon maistre q̃ cest mest̾

152 3126 896 134 ma prist ã ia ne face ge

167 3235 850 115 iis. pez. q̃ li cͣr÷ ne soit

167 3335 862 130 p᷑ lame de son ꝑe ⁊ deta

167 3437 843 125 mere. en remission de

152 3540 852 118 lor pechiez. Ge di qnͣt

149 3652 899 118 diex ala par terre si fuil

155 3748 852 115 mescreuz ⁊ si ot de cex

155 3838 834 122 qui le cturent ⁊ de tex

158 3932 840 115 qui ne le crurent mie

155 4031 843 118 ze ccoi bñ q̈nsi est il de

161 4134 884 124 moi ꝑ auenture il ia ci

155 4245 865 106 de tex qui me croient ⁊

152 4329 855 112 de cex quine metroiẽt

152 4429 843 158 mie. Mais ne porqnͣt

1259 177 843 124 tel sen porroit chifler

1256 273 812 127 ⁊ gaber ⁊ rire ⁊ ioer

1250 376 855 124 ⁊ rechignier des denz ⁊

1247 466 886 121 bouter del coutez mar

1250 562 858 124 chier du pie. ⁊ clignier

1250 677 827 96 des elz qui ml't grant

1250 767 874 100 mestier auroit de mai

1244 836 849 136 de. sil se uoloit bñ con

1244 944 808 112 seillier. Ge di di se uos

1237 1050 819 106 ne me creez q̃ uos soiez

1234 1140 853 118 ci uenuz por moi chifł.

1231 1252 859 90 Tepri alauraie piteuce

1228 1333 837 103 Ge diaceli nomeem̃t qͥ

1231 1448 821 112 pitaas piez de pitorib

1228 1541 899 112 qnͣt il nasqui de la uraie

1234 1644 850 115 p iteuse q̃ oe telui ma-

1237 1753 819 102 teicon don corbidas le

1234 1837 825 111 iuie fu mandiz sedi

1228 1939 831 109 ce lui nomeem̃t qui

1234 2029 809 125 foria les .xxx. pieces

1225 2141 893 128 dargent en la tor de cay.

1231 2231 831 122 fac a .iii. liues petites

1228 2337 837 124 dacre. Dont li cor dieu

1222 2433 868 125 fu uen duz ⁊ trauailliez

1219 2536 858 121 soit li cors maudiz ⁊ cõ

1219 2642 846 121 fonduz de la grieue du

1219 2738 818 118 chief de ci quͣ longle

1225 2850 859 96 du pie. de si q̃ aleure ⁊

1222 2934 830 96 el termine q̃ il teront

1225 3039 871 119 uenuz amoi. ⁊ getes as

1222 3139 868 115 soudrai de cele absolu

1222 3254 840 109 tiou dont diex assolt

1231 3344 818 115 ses apostres ⁊ q̃ ge loi

1219 3434 840 128 mnõsterrai la dame des

1219 3555 861 109 herbes. uos ne le sauez

1219 3655 815 112 pas : mais ge le uos

1231 3743 238 112 dirai.

1409 3832 693 124 e di cest cele nome

1418 3935 672 118 em̃t qͥ brait ⁊ crie

1225 4031 784 109 iir foiz en leure ⁊ el

1225 4149 821 118 termine q̃ diex fu mis

1219 4249 849 115 en croi. uez la cidedenz

1213 4333 846 133 se uos ne mencreez. bẽ

1200 4432 880 159 di cil iaci nul de uosne

1202 3791 238 372 U

2234 1303 246 258 Oͬ

2289 202 818 83 nule qui ne soit urais

2283 282 821 106 confes ⁊ bñ repentanz

2276 382 834 106 de ses pechiez. Ie lidon

2270 466 828 124 rai un beau don le piꝰ

2261 565 871 112 bel qui onq̾s fust donez

2261 649 855 128 ꝑ bouche derbier. Qrͣ

2255 761 846 109 ze li donrai si beau don

2258 864 874 108 quil porra dormir ẽ prei.

2258 935 868 118 en riuieret en forez en

2264 1044 874 118 larriz. ⁊ en moncaignes

2252 1137 905 124 Enualees. eu boschaiges

2255 1237 846 133 dune part ⁊ dautrera

2419 1352 731 99 edi premierement

2416 1423 716 143 q̾ bo nele mordra

2258 1544 852 112 coluerure ne le poin

2248 1631 934 109 dra. serpent uela desera

2245 1728 893 121 darente ne la prochera

2242 1846 958 90 escorpion mal nelifera

2239 1927 893 127 Gẽ di q̃ por pechie qͥl fa

2242 2032 871 112 ce ne morra descontes

2242 2122 899 119 p or men g̾ enuenime

2239 2234 837 125 q̃ mal ne li fera pius

2233 2340 952 121 cil aura la dame des h̾bes

2217 2433 905 131 uenez dõc auant ⁊ priez

2239 2564 827 87 aditu tuut ⁊ toutes

2239 2642 812 108 qͥl la uos doint ueoir

2236 2747 843 100 ⁊ esgarder q̃ ce soit

2239 2844 803 108 an preu de uoz ames

2230 2940 843 112 ⁊ au profit de uoi cors:

2230 3027 889 118 qͥl les uos puist coupre

2233 3130 855 124 Se di de cex de la lauoie

2214 3254 877 124 uoier la uos concis ueoir

2227 3344 852 121 de pardieu. dites oil ou

2227 3447 880 102 nenil. ⁊ noc la uos moͬs

2233 3540 827 121 terrous de par sam̾e.

2224 3642 898 131 Mais ge uos dira i une

2224 3736 867 121 chose qͥl est. Qnͣt ge

2230 3838 812 118 parti de monseignor.

2230 3941 827 99 mon maistre qui cest

2230 4031 824 115 mest̾ maprist. si uie

2227 4127 808 109 fist iurer sor sainz q̃

2220 4230 828 109 ge ne la monsterroie

2227 4326 892 115 deuant ce q̃ ge lauroie

2227 4420 976 152 ꝯiuree. ⁊ ze la ꝯiurerai.
