3551 5630
312 190 908 113 si escontez le cõiurement

319 284 941 106 Cocilla en aussia q̃ taben

319 381 954 122 cia q̃ natalicia uolus polꝰ

322 491 891 97 laudate prune meure .

322 575 926 122 Ni atel ꝯ le pai .iii. solz

331 675 895 119 iii. pez la baie est riche

325 760 913 128 ⁊ ꝑ lentissimus harant.

491 869 769 119 ucol des le tens herbe

483 952 733 136 Iiin de saint pol qͥ fu

310 1065 897 136 moitie home ⁊ moitie

322 1160 904 125 feme ⁊ la tierce part

325 1254 954 119 cheuax. ⁊ il me uint ⁊ge

328 1369 907 104 li .xxx. ⁊ il me saut ⁊ ge

325 1448 901 119 li lance . Il me prist par

322 1545 957 128 les rains ⁊ ge lui par les

325 1645 948 128 chae lons . Il me prist par

328 1767 920 106 les tenples. ⁊ ge lui par

325 1851 926 125 les hospitax. Il me fist

331 1964 895 112 iii. tors. ⁊ ge liu trois

331 2061 929 119 chasteax. Il me fiert el

334 2164 917 109 nes ⁊ ge lui esbateax Il

341 2255 916 118 me fiert en grieue ⁊ ge

337 2361 895 100 lui en chaupeax. Il me

322 2439 938 141 fiert de ses coutes. ⁊ se

334 2552 923 137 lui demes coissins Bu es

347 2661 901 125 fox. ⁊ tu souflez. Qr me

347 2752 970 125 uels tu. q̃ te uueil ge dõas .

344 2849 948 119 N e lui la insi aese. amors

350 2952 929 135 ai amauolente qͥ me gri-

371 3054 380 122 eue crop.

549 3162 681 136 iex uos saut amis

558 3256 747 145 Diex beneie bluteax

353 3374 982 125 Nom estes uoc. dome suige.

350 3478 920 134 de ql home. de char ⁊dos.

353 3587 873 116 De q̃l c̾rre enuolez uos

356 3700 901 115 Faire poz. O ufustes uos

362 3784 939 116 nez. ge ne fui oncq̾s nenet

359 3884 858 119 ne bateax. De aliuie

359 3966 904 134 estes uos de la uile enp̃s

366 4066 910 134 laitre. Ou ciet li aitres.

362 4175 886 116 Entor le most̾. Ou siet

356 4263 907 144 li most̾r. Sor teree. ⁊ ou

356 4369 870 122 est la t̾ere. ⁊ ol laiue.

347 4491 913 134 ꝯment apele len lame.

273 866 263 264 A

1467 134 810 163 Lenne lapere pas a ie

1476 309 814 103 uient bñ san apeler .

1626 375 689 122 e uos di beau seiga᷑

1626 481 673 125 q̃ sil nauoit plus

1451 591 841 117 dedenz ceste boiste. ã les

1464 681 816 110 bones paroles ⁊ lerbe qͥ

1479 766 886 122 i est. Si deuriez uos auoir

1470 867 831 127 f̾me creance qͥl uos de

1479 972 839 110 uroit bũ faire ⁊ ge la

1479 1066 817 116 uoss mõsterrai de ꝑ ar

1479 1157 826 125 dieu. Or dites ap̾s moi

1473 1266 867 122 Benoite soit leure q̃ deex

1476 1354 801 116 funez ⁊ ceste si soit. ⁊

1470 1460 807 103 ge uos mõsterrai la

1470 1560 863 110 dame des herbes. Inno

1473 1657 857 110 mine patris ⁊ filii. ⁊ spc̃

1470 1751 854 122 seĩ. amezi. Ceste dame

1461 1854 819 113 derbe. ilue la trest ne

1476 1951 889 128 giex ne paiens. ne sarra

1479 2058 858 109 zins ne crestiens aiuz la

1479 2167 867 97 traist une beste mue ⁊

1473 2270 873 107 tantost ꝯ ele est traite.

1467 2358 820 122 si couent morir cele

1470 2467 845 110 beste. Cuidiez uocã ge

1476 2558 857 116 uos giffle. Ele muert

1476 2674 820 90 par angoisse demort

1454 2761 854 119 Uos ne sauezpas por qͦi

1470 2874 845 106 la dame des herbes est

1470 2958 826 113 bone se ge nelnos di

1470 3071 813 106 Mais ge le uos dirai

1479 3134 867 143 Prenez moi cemp̾s de ces

1476 3268 867 125 te dame derbe. si uos en

1460 3363 883 136 des grimez ꝑ uii iors ⁊

1470 3459 870 137 ꝑ uii. nuiz .iii. foiz le

1470 3579 920 132 ior ageun. ⁊ au soir qnͣt

1479 3678 845 122 uos irez couchier .Se

1476 3803 854 94 di q̃ portertre aualer

1470 3869 857 125 Ne por tertre monter

1473 3966 867 131 Ne por fooir ne p᷑ hoer

1465 4062 888 122 sle porcorre ne por trot̾.

1465 4170 883 122 piez ne braz ne uos deeu

1460 4278 865 113 dront. oeil ue nos plo

1470 4372 854 141 retont. cbief ne uoc

1476 4488 879 147 dieura por parlera

1413 366 280 342 O

2471 100 807 225 iomee autait ꝯ ce ru

2465 300 832 106 goute feste ne uoi pũta

2465 415 838 101 sonte mi graigne ne uo

2462 500 794 116 tenra. sie fis . Ne clox.

2459 597 851 113 Ne clopaire. sie ru doieur

2455 691 839 103 Ne encoubrement de pui

2459 778 826 113 ne auercm̃ de chief lie

2455 869 776 106 tolour de braz q̃ diex

2477 966 795 125 uoc enuoit . ainsunt

2477 1082 795 109 uenge mes her bes⁊

2471 1172 782 101 mes oignemenz. Se

2477 1276 804 112 ne sui pas de cax qui

2481 1354 800 131 se maudient por lot

2481 1457 779 113 deurrees uendre . Or

2477 1557 786 116 uorra si en praigne. qͥ

2481 1657 825 113 norra sile lait. Ne autͤ

2487 1760 810 119 foi ne autre soiremẽt

2487 1870 823 103 qͥ noc uos en auon fait

2477 1945 845 134 ne uoc enferon ⁊ noi

2606 2054 484 132 Explicit

2386 2139 883 145 C i comence la bataaie

2400 2256 902 122 qixesme ⁊ decharnage

2583 2336 747 141 eignor ne uoc uueug

2568 2474 767 109 .i. flabel nos uueslta

2384 2555 879 119 Qͥ lonc tens aeste ꝑduz

2387 2655 869 131 O nq̃s roi ne nte ne dus

2390 2764 935 122 N oirẽt mais meillor esteme

2381 2861 949 104 P᷑ de le uueil metre ẽ mcbo

2390 2955 916 110 L en set ml̾t bñ ꝑ totes t̾re

2396 3055 904 125 Qͥ ml̾t amale chose ẽ g̾re

2377 3149 820 138 S i ꝯuos orroiz ciap̾s

2390 3265 916 122 T otelagent ⁊ lorg ⁊ p̾s

2372 3363 934 122 S i saurõt bñ se ge di uou

2384 3465 926 138 G e ne uorroie mie auoir

2386 3575 925 122 .C. mͣs dargẽt si nelseusse

2374 3675 904 125 ꝑ si q̃ sauoir nel peusse

2374 3775 923 119 Or escoutez le stoire toutes

2387 3869 929 122 L autrier aune pẽtecost

2390 3972 926 112 F ui acort as riche ostel

2386 4062 925 127 D uue ml̾t grãt g̃re mori

2386 4161 859 127 Oi parł̾ de .ii. barons

2386 4255 925 141 D out iai bñ retenuz les

2377 4369 945 138 R i che home cõt ci ꝯma cã

2377 4485 929 128 N e t̾res ⁊ dauoir ẽsauble

322 3085 286 438 N

2381 2291 227 383 S
